customer_id,customer_name,customer_email,activity_status,grain_type,storage_start_date,storage_end_date,total_bags,total_weight_kg,storage_duration_days,monthly_rent_per_bag,total_rent_paid,sold_status,sale_price_per_kg,total_sale_amount,sale_date,profit_loss
1720,Customer_1720,customer1720@mail.com,stored,Rice,2023-03-31,2023-05-29,57,2850,59,40,4484.0,partial,37,0,2023-05-29,-4484.0
1018,Customer_1018,customer1018@mail.com,storing,Barley,2024-03-08,2024-08-19,137,6850,164,28,20970.13,yes,47,321950,2024-08-19,300979.87
1187,Customer_1187,customer1187@mail.com,stored,Sorghum,2024-07-10,2024-10-02,145,3625,84,52,21112.0,no,29,105125,2024-10-02,84013.0
1315,Customer_1315,customer1315@mail.com,stored,Millet,2024-03-26,2024-04-20,35,875,25,28,816.67,yes,42,0,2024-04-20,-816.67
1865,Customer_1865,customer1865@mail.com,sold,Maize,2024-02-14,2024-04-25,194,9700,71,57,26170.6,yes,40,0,2024-04-25,-26170.6
430,Customer_430,customer430@mail.com,stored,Wheat,2024-07-30,2024-12-28,194,9700,151,45,43941.0,yes,44,426800,2024-12-28,382859.0
1579,Customer_1579,customer1579@mail.com,stored,Millet,2023-07-14,2023-11-16,42,1050,125,52,9100.0,yes,30,31500,2023-11-16,22400.0
513,Customer_513,customer513@mail.com,stored,Barley,2024-06-16,2024-09-26,21,525,102,51,3641.4,partial,41,0,2024-09-26,-3641.4
1649,Customer_1649,customer1649@mail.com,sold,Millet,2024-05-12,2024-10-01,171,4275,142,22,17806.8,no,39,166725,2024-10-01,148918.2
1341,Customer_1341,customer1341@mail.com,sold,Maize,2023-01-07,2023-04-19,132,6600,102,31,13912.8,yes,25,165000,2023-04-19,151087.2
254,Customer_254,customer254@mail.com,storing,Maize,2023-11-18,2024-02-03,77,3850,77,54,10672.2,yes,37,0,2024-02-03,-10672.2
163,Customer_163,customer163@mail.com,sold,Barley,2023-10-04,2024-01-09,21,525,97,41,2783.9,yes,43,22575,2024-01-09,19791.1
522,Customer_522,customer522@mail.com,storing,Millet,2024-01-04,2024-04-25,127,6350,112,40,18965.33,partial,31,0,2024-04-25,-18965.33
508,Customer_508,customer508@mail.com,stored,Wheat,2023-06-10,2023-09-03,100,5000,85,27,7650.0,partial,32,160000,2023-09-03,152350.0
153,Customer_153,customer153@mail.com,stored,Wheat,2023-09-28,2023-11-25,75,3750,58,34,4930.0,partial,49,183750,2023-11-25,178820.0
647,Customer_647,customer647@mail.com,stored,Maize,2024-07-17,2024-10-23,57,1425,98,40,7448.0,yes,44,62700,2024-10-23,55252.0
1952,Customer_1952,customer1952@mail.com,storing,Wheat,2024-01-01,2024-01-22,16,800,21,26,291.2,partial,37,29600,2024-01-22,29308.8
1942,Customer_1942,customer1942@mail.com,sold,Sorghum,2023-10-06,2023-11-13,148,3700,38,60,11248.0,partial,37,136900,2023-11-13,125652.0
249,Customer_249,customer249@mail.com,storing,Wheat,2024-07-16,2024-08-01,136,3400,16,35,2538.67,yes,49,0,2024-08-01,-2538.67
903,Customer_903,customer903@mail.com,sold,Barley,2023-10-22,2024-04-14,52,2600,175,37,11223.33,no,48,124800,2024-04-14,113576.67
241,Customer_241,customer241@mail.com,sold,Rice,2024-03-10,2024-07-24,18,900,136,39,3182.4,yes,43,38700,2024-07-24,35517.6
1449,Customer_1449,customer1449@mail.com,sold,Maize,2023-11-22,2023-12-13,187,4675,21,25,3272.5,partial,49,0,2023-12-13,-3272.5
951,Customer_951,customer951@mail.com,sold,Millet,2024-08-20,2025-02-10,37,1850,174,44,9442.4,no,51,94350,2025-02-10,84907.6
1002,Customer_1002,customer1002@mail.com,storing,Barley,2024-03-11,2024-04-01,139,6950,21,39,3794.7,no,39,0,2024-04-01,-3794.7
1481,Customer_1481,customer1481@mail.com,storing,Sorghum,2023-07-02,2023-11-25,192,4800,146,49,45785.6,partial,49,235200,2023-11-25,189414.4
1152,Customer_1152,customer1152@mail.com,storing,Wheat,2024-02-07,2024-02-23,117,2925,16,39,2433.6,partial,26,0,2024-02-23,-2433.6
1780,Customer_1780,customer1780@mail.com,storing,Barley,2023-04-08,2023-04-20,109,5450,12,37,1613.2,partial,37,0,2023-04-20,-1613.2
1428,Customer_1428,customer1428@mail.com,sold,Rice,2024-04-16,2024-09-03,77,3850,140,30,10780.0,no,25,96250,2024-09-03,85470.0
734,Customer_734,customer734@mail.com,sold,Sorghum,2023-07-22,2024-01-14,158,7900,176,46,42638.93,partial,51,0,2024-01-14,-42638.93
1576,Customer_1576,customer1576@mail.com,stored,Rice,2023-11-13,2023-12-24,140,7000,41,31,5931.33,no,35,0,2023-12-24,-5931.33
109,Customer_109,customer109@mail.com,storing,Rice,2023-01-30,2023-02-28,28,1400,29,40,1082.67,yes,38,53200,2023-02-28,52117.33
963,Customer_963,customer963@mail.com,storing,Sorghum,2024-06-10,2024-11-08,115,5750,151,54,31257.0,no,25,143750,2024-11-08,112493.0
1695,Customer_1695,customer1695@mail.com,storing,Millet,2023-01-14,2023-04-15,171,8550,91,57,29565.9,yes,27,230850,2023-04-15,201284.1
1952,Customer_1952,customer1952@mail.com,stored,Maize,2023-12-30,2024-02-22,152,3800,54,29,7934.4,no,26,98800,2024-02-22,90865.6
93,Customer_93,customer93@mail.com,sold,Sorghum,2024-06-20,2024-08-08,175,4375,49,48,13720.0,no,50,218750,2024-08-08,205030.0
943,Customer_943,customer943@mail.com,storing,Sorghum,2024-06-15,2024-08-13,100,5000,59,31,6096.67,partial,48,0,2024-08-13,-6096.67
1953,Customer_1953,customer1953@mail.com,storing,Maize,2023-02-20,2023-06-16,116,2900,116,23,10316.27,yes,25,72500,2023-06-16,62183.73
878,Customer_878,customer878@mail.com,sold,Wheat,2023-08-09,2023-11-17,126,6300,100,50,21000.0,partial,34,0,2023-11-17,-21000.0
1550,Customer_1550,customer1550@mail.com,stored,Millet,2023-06-03,2023-09-21,98,2450,110,58,20841.33,yes,41,0,2023-09-21,-20841.33
1235,Customer_1235,customer1235@mail.com,stored,Millet,2024-06-26,2024-09-17,28,1400,83,57,4415.6,no,25,35000,2024-09-17,30584.4
341,Customer_341,customer341@mail.com,sold,Millet,2023-09-24,2024-02-15,87,2175,144,24,10022.4,yes,25,0,2024-02-15,-10022.4
681,Customer_681,customer681@mail.com,stored,Millet,2023-04-12,2023-06-23,142,3550,72,26,8860.8,yes,44,0,2023-06-23,-8860.8
1957,Customer_1957,customer1957@mail.com,storing,Millet,2023-03-08,2023-08-19,95,4750,164,30,15580.0,yes,36,171000,2023-08-19,155420.0
218,Customer_218,customer218@mail.com,stored,Sorghum,2023-04-04,2023-08-12,112,5600,130,38,18442.67,partial,25,140000,2023-08-12,121557.33
177,Customer_177,customer177@mail.com,storing,Millet,2023-12-13,2024-05-22,55,1375,161,44,12987.33,partial,29,0,2024-05-22,-12987.33
1715,Customer_1715,customer1715@mail.com,stored,Rice,2023-01-21,2023-05-14,200,10000,113,59,44446.67,yes,32,320000,2023-05-14,275553.33
979,Customer_979,customer979@mail.com,sold,Sorghum,2023-08-01,2023-10-10,144,7200,70,23,7728.0,partial,53,0,2023-10-10,-7728.0
367,Customer_367,customer367@mail.com,sold,Maize,2023-06-01,2023-08-28,34,1700,88,37,3690.13,no,53,90100,2023-08-28,86409.87
1519,Customer_1519,customer1519@mail.com,stored,Sorghum,2024-02-06,2024-05-12,109,2725,96,43,14998.4,partial,25,0,2024-05-12,-14998.4
1156,Customer_1156,customer1156@mail.com,storing,Wheat,2023-06-24,2023-09-25,148,7400,93,52,23857.6,no,34,251600,2023-09-25,227742.4
644,Customer_644,customer644@mail.com,storing,Maize,2023-03-20,2023-05-29,93,2325,70,34,7378.0,yes,25,0,2023-05-29,-7378.0
393,Customer_393,customer393@mail.com,sold,Millet,2023-05-20,2023-07-09,76,3800,50,42,5320.0,partial,41,0,2023-07-09,-5320.0
1845,Customer_1845,customer1845@mail.com,stored,Millet,2024-03-14,2024-07-21,159,7950,129,27,18459.9,partial,41,325950,2024-07-21,307490.1
913,Customer_913,customer913@mail.com,sold,Barley,2024-05-26,2024-11-18,44,1100,176,36,9292.8,partial,45,0,2024-11-18,-9292.8
877,Customer_877,customer877@mail.com,storing,Wheat,2024-05-21,2024-11-11,64,1600,174,39,14476.8,yes,54,0,2024-11-11,-14476.8
1387,Customer_1387,customer1387@mail.com,sold,Sorghum,2024-08-22,2024-11-13,36,900,83,29,2888.4,no,31,0,2024-11-13,-2888.4
146,Customer_146,customer146@mail.com,storing,Rice,2024-01-25,2024-03-01,165,8250,36,24,4752.0,no,31,255750,2024-03-01,250998.0
60,Customer_60,customer60@mail.com,stored,Millet,2024-01-12,2024-01-26,15,750,14,45,315.0,yes,50,37500,2024-01-26,37185.0
359,Customer_359,customer359@mail.com,sold,Sorghum,2023-03-12,2023-08-01,195,9750,142,48,44304.0,partial,35,0,2023-08-01,-44304.0
1331,Customer_1331,customer1331@mail.com,stored,Barley,2023-02-22,2023-05-21,182,9100,88,41,21888.53,yes,31,282100,2023-05-21,260211.47
620,Customer_620,customer620@mail.com,storing,Barley,2024-07-05,2024-08-24,66,1650,50,58,6380.0,yes,43,70950,2024-08-24,64570.0
696,Customer_696,customer696@mail.com,sold,Wheat,2024-05-09,2024-07-30,141,7050,82,31,11947.4,yes,51,0,2024-07-30,-11947.4
33,Customer_33,customer33@mail.com,storing,Rice,2024-04-03,2024-07-19,183,4575,107,20,13054.0,yes,31,0,2024-07-19,-13054.0
1268,Customer_1268,customer1268@mail.com,storing,Sorghum,2023-12-26,2024-01-05,88,4400,10,34,997.33,partial,51,0,2024-01-05,-997.33
1470,Customer_1470,customer1470@mail.com,storing,Maize,2024-02-22,2024-06-10,183,4575,109,31,20611.9,partial,47,0,2024-06-10,-20611.9
1336,Customer_1336,customer1336@mail.com,stored,Maize,2023-11-16,2024-01-26,138,3450,71,44,14370.4,no,30,103500,2024-01-26,89129.6
35,Customer_35,customer35@mail.com,stored,Maize,2023-07-17,2023-08-13,158,7900,27,52,7394.4,no,30,0,2023-08-13,-7394.4
597,Customer_597,customer597@mail.com,stored,Maize,2024-04-26,2024-05-14,115,2875,18,29,2001.0,partial,44,0,2024-05-14,-2001.0
1821,Customer_1821,customer1821@mail.com,storing,Millet,2024-08-09,2024-09-25,63,1575,47,50,4935.0,partial,25,0,2024-09-25,-4935.0
1120,Customer_1120,customer1120@mail.com,stored,Maize,2023-12-19,2024-03-30,146,3650,102,20,9928.0,yes,55,0,2024-03-30,-9928.0
934,Customer_934,customer934@mail.com,stored,Barley,2023-12-31,2024-04-28,121,6050,119,60,28798.0,no,26,157300,2024-04-28,128502.0
245,Customer_245,customer245@mail.com,storing,Maize,2023-01-21,2023-02-08,116,2900,18,29,2018.4,partial,25,72500,2023-02-08,70481.6
1825,Customer_1825,customer1825@mail.com,storing,Sorghum,2024-08-02,2024-09-27,192,9600,56,24,8601.6,no,36,0,2024-09-27,-8601.6
928,Customer_928,customer928@mail.com,storing,Barley,2023-03-01,2023-04-26,158,3950,56,39,11502.4,yes,42,165900,2023-04-26,154397.6
1121,Customer_1121,customer1121@mail.com,stored,Barley,2024-02-15,2024-03-26,192,4800,40,35,8960.0,partial,25,0,2024-03-26,-8960.0
1149,Customer_1149,customer1149@mail.com,stored,Sorghum,2023-02-24,2023-05-09,133,3325,74,56,18371.73,partial,50,0,2023-05-09,-18371.73
418,Customer_418,customer418@mail.com,sold,Millet,2023-09-17,2023-10-27,138,6900,40,24,4416.0,no,28,193200,2023-10-27,188784.0
1069,Customer_1069,customer1069@mail.com,storing,Wheat,2023-12-31,2024-05-06,78,3900,127,35,11557.0,yes,27,105300,2024-05-06,93743.0
1052,Customer_1052,customer1052@mail.com,sold,Rice,2024-06-28,2024-11-01,129,6450,126,59,31966.2,partial,49,0,2024-11-01,-31966.2
1154,Customer_1154,customer1154@mail.com,sold,Millet,2023-10-23,2024-04-06,115,5750,166,47,29907.67,partial,29,166750,2024-04-06,136842.33
770,Customer_770,customer770@mail.com,sold,Barley,2024-05-19,2024-06-13,65,1625,25,52,2816.67,partial,36,0,2024-06-13,-2816.67
1126,Customer_1126,customer1126@mail.com,stored,Barley,2023-01-17,2023-04-30,92,4600,103,55,17372.67,no,28,0,2023-04-30,-17372.67
121,Customer_121,customer121@mail.com,storing,Rice,2024-01-23,2024-02-24,82,2050,32,38,3323.73,no,41,0,2024-02-24,-3323.73
1006,Customer_1006,customer1006@mail.com,sold,Rice,2024-04-08,2024-08-10,183,9150,124,33,24961.2,yes,45,411750,2024-08-10,386788.8
1138,Customer_1138,customer1138@mail.com,storing,Barley,2023-02-12,2023-04-12,159,7950,59,45,14071.5,partial,51,405450,2023-04-12,391378.5
1383,Customer_1383,customer1383@mail.com,stored,Millet,2024-05-15,2024-08-19,116,2900,96,35,12992.0,yes,25,72500,2024-08-19,59508.0
230,Customer_230,customer230@mail.com,storing,Rice,2024-02-13,2024-06-17,40,2000,125,48,8000.0,yes,27,54000,2024-06-17,46000.0
180,Customer_180,customer180@mail.com,stored,Maize,2024-07-16,2024-10-19,87,2175,95,40,11020.0,no,35,76125,2024-10-19,65105.0
415,Customer_415,customer415@mail.com,sold,Wheat,2023-06-20,2023-09-16,79,1975,88,40,9269.33,yes,40,79000,2023-09-16,69730.67
90,Customer_90,customer90@mail.com,stored,Maize,2024-03-11,2024-06-17,156,3900,98,59,30066.4,partial,54,0,2024-06-17,-30066.4
121,Customer_121,customer121@mail.com,storing,Wheat,2024-04-01,2024-07-12,141,7050,102,25,11985.0,partial,51,359550,2024-07-12,347565.0
323,Customer_323,customer323@mail.com,sold,Wheat,2023-11-03,2023-12-16,28,700,43,43,1725.73,partial,40,0,2023-12-16,-1725.73
1153,Customer_1153,customer1153@mail.com,storing,Millet,2024-01-17,2024-06-15,64,3200,150,53,16960.0,yes,28,0,2024-06-15,-16960.0
1838,Customer_1838,customer1838@mail.com,stored,Wheat,2024-05-08,2024-10-03,77,1925,148,50,18993.33,yes,40,77000,2024-10-03,58006.67
621,Customer_621,customer621@mail.com,storing,Wheat,2024-06-25,2024-11-30,165,4125,158,47,40843.0,yes,48,198000,2024-11-30,157157.0
1704,Customer_1704,customer1704@mail.com,sold,Rice,2023-07-03,2023-10-09,133,6650,98,45,19551.0,no,41,272650,2023-10-09,253099.0
688,Customer_688,customer688@mail.com,storing,Rice,2024-07-12,2024-07-29,180,4500,17,40,4080.0,no,32,144000,2024-07-29,139920.0
1167,Customer_1167,customer1167@mail.com,stored,Sorghum,2024-01-18,2024-03-01,160,4000,43,27,6192.0,yes,50,200000,2024-03-01,193808.0
966,Customer_966,customer966@mail.com,sold,Rice,2023-06-27,2023-09-01,180,4500,66,44,17424.0,yes,34,0,2023-09-01,-17424.0
1983,Customer_1983,customer1983@mail.com,stored,Wheat,2023-06-27,2023-10-30,82,4100,125,48,16400.0,no,43,176300,2023-10-30,159900.0
1630,Customer_1630,customer1630@mail.com,storing,Millet,2023-07-29,2023-08-09,200,10000,11,36,2640.0,yes,37,0,2023-08-09,-2640.0
763,Customer_763,customer763@mail.com,sold,Wheat,2023-09-12,2023-12-06,113,2825,85,30,9605.0,no,51,0,2023-12-06,-9605.0
601,Customer_601,customer601@mail.com,storing,Rice,2023-02-17,2023-08-06,31,1550,170,29,5094.33,partial,27,41850,2023-08-06,36755.67
1194,Customer_1194,customer1194@mail.com,sold,Sorghum,2024-04-14,2024-08-13,95,2375,121,31,11878.17,yes,35,0,2024-08-13,-11878.17
362,Customer_362,customer362@mail.com,storing,Sorghum,2024-07-20,2024-09-24,195,9750,66,35,15015.0,no,44,0,2024-09-24,-15015.0
551,Customer_551,customer551@mail.com,sold,Wheat,2024-04-16,2024-09-02,129,6450,139,43,25701.1,partial,55,0,2024-09-02,-25701.1
1416,Customer_1416,customer1416@mail.com,sold,Wheat,2023-01-01,2023-03-04,81,4050,62,42,7030.8,partial,45,0,2023-03-04,-7030.8
804,Customer_804,customer804@mail.com,sold,Sorghum,2023-12-09,2024-06-01,193,9650,175,54,60795.0,partial,25,0,2024-06-01,-60795.0
1760,Customer_1760,customer1760@mail.com,storing,Rice,2024-04-12,2024-05-05,40,2000,23,46,1410.67,no,46,92000,2024-05-05,90589.33
958,Customer_958,customer958@mail.com,sold,Rice,2024-03-12,2024-04-29,58,2900,48,29,2691.2,partial,38,110200,2024-04-29,107508.8
1509,Customer_1509,customer1509@mail.com,stored,Millet,2023-04-25,2023-06-05,166,8300,41,58,13158.27,yes,47,390100,2023-06-05,376941.73
1052,Customer_1052,customer1052@mail.com,stored,Barley,2023-10-02,2024-01-30,48,2400,120,27,5184.0,partial,53,127200,2024-01-30,122016.0
513,Customer_513,customer513@mail.com,stored,Millet,2024-06-02,2024-08-28,200,5000,87,20,11600.0,partial,53,265000,2024-08-28,253400.0
1908,Customer_1908,customer1908@mail.com,storing,Barley,2023-10-23,2023-12-08,154,7700,46,41,9681.47,yes,51,0,2023-12-08,-9681.47
419,Customer_419,customer419@mail.com,sold,Millet,2023-05-22,2023-08-17,159,3975,87,48,22132.8,yes,29,115275,2023-08-17,93142.2
1852,Customer_1852,customer1852@mail.com,stored,Sorghum,2023-10-14,2023-11-19,198,9900,36,31,7365.6,yes,48,475200,2023-11-19,467834.4
323,Customer_323,customer323@mail.com,storing,Wheat,2024-03-22,2024-08-20,85,2125,151,54,23103.0,yes,25,53125,2024-08-20,30022.0
694,Customer_694,customer694@mail.com,sold,Wheat,2023-05-06,2023-06-16,97,2425,41,59,7821.43,partial,31,0,2023-06-16,-7821.43
721,Customer_721,customer721@mail.com,sold,Millet,2024-01-16,2024-03-11,168,4200,55,30,9240.0,no,42,0,2024-03-11,-9240.0
846,Customer_846,customer846@mail.com,storing,Sorghum,2023-07-11,2023-12-14,77,1925,156,30,12012.0,partial,27,0,2023-12-14,-12012.0
621,Customer_621,customer621@mail.com,storing,Barley,2024-04-09,2024-07-05,109,5450,87,59,18649.9,yes,48,261600,2024-07-05,242950.1
920,Customer_920,customer920@mail.com,storing,Wheat,2023-02-20,2023-06-27,160,4000,127,24,16256.0,yes,40,0,2023-06-27,-16256.0
1523,Customer_1523,customer1523@mail.com,stored,Sorghum,2023-02-01,2023-06-12,144,7200,131,52,32697.6,yes,39,0,2023-06-12,-32697.6
1017,Customer_1017,customer1017@mail.com,storing,Barley,2024-08-03,2024-08-31,175,4375,28,25,4083.33,no,47,0,2024-08-31,-4083.33
1558,Customer_1558,customer1558@mail.com,stored,Rice,2023-12-26,2024-05-18,18,450,144,25,2160.0,yes,43,0,2024-05-18,-2160.0
1166,Customer_1166,customer1166@mail.com,stored,Barley,2023-02-23,2023-05-01,181,9050,67,58,23445.53,no,48,0,2023-05-01,-23445.53
481,Customer_481,customer481@mail.com,sold,Maize,2024-08-10,2024-12-23,62,1550,135,37,10323.0,no,53,82150,2024-12-23,71827.0
289,Customer_289,customer289@mail.com,stored,Wheat,2023-08-22,2023-09-01,15,375,10,20,100.0,no,34,12750,2023-09-01,12650.0
1451,Customer_1451,customer1451@mail.com,storing,Barley,2024-03-22,2024-08-25,146,7300,156,32,24294.4,no,49,357700,2024-08-25,333405.6
717,Customer_717,customer717@mail.com,sold,Maize,2023-12-17,2024-03-14,144,7200,88,38,16051.2,yes,31,223200,2024-03-14,207148.8
1756,Customer_1756,customer1756@mail.com,stored,Millet,2024-01-06,2024-01-29,160,8000,23,32,3925.33,no,43,344000,2024-01-29,340074.67
947,Customer_947,customer947@mail.com,sold,Maize,2023-02-06,2023-03-02,115,2875,24,58,5336.0,partial,46,0,2023-03-02,-5336.0
778,Customer_778,customer778@mail.com,stored,Sorghum,2023-01-22,2023-06-25,146,7300,154,29,21734.53,yes,35,255500,2023-06-25,233765.47
1013,Customer_1013,customer1013@mail.com,sold,Barley,2023-10-09,2024-02-27,68,3400,141,30,9588.0,partial,39,132600,2024-02-27,123012.0
1324,Customer_1324,customer1324@mail.com,sold,Sorghum,2023-03-14,2023-08-01,82,4100,140,57,21812.0,no,46,0,2023-08-01,-21812.0
1824,Customer_1824,customer1824@mail.com,storing,Wheat,2024-02-23,2024-06-17,138,6900,115,28,14812.0,yes,35,0,2024-06-17,-14812.0
1381,Customer_1381,customer1381@mail.com,storing,Wheat,2023-05-15,2023-08-01,13,650,78,40,1352.0,partial,44,28600,2023-08-01,27248.0
4,Customer_4,customer4@mail.com,stored,Maize,2024-04-18,2024-07-14,193,9650,87,25,13992.5,yes,54,0,2024-07-14,-13992.5
1456,Customer_1456,customer1456@mail.com,stored,Wheat,2023-05-07,2023-07-21,19,950,75,27,1282.5,no,25,0,2023-07-21,-1282.5
1471,Customer_1471,customer1471@mail.com,storing,Sorghum,2024-05-26,2024-07-14,189,9450,49,42,12965.4,partial,52,491400,2024-07-14,478434.6
1582,Customer_1582,customer1582@mail.com,stored,Millet,2024-03-04,2024-04-14,161,4025,41,51,11221.7,no,25,100625,2024-04-14,89403.3
1421,Customer_1421,customer1421@mail.com,storing,Millet,2023-06-01,2023-08-18,89,2225,78,30,6942.0,yes,50,0,2023-08-18,-6942.0
104,Customer_104,customer104@mail.com,sold,Millet,2024-03-06,2024-08-20,106,5300,167,30,17702.0,no,55,291500,2024-08-20,273798.0
1317,Customer_1317,customer1317@mail.com,stored,Maize,2024-04-17,2024-09-13,192,4800,149,32,30515.2,yes,31,0,2024-09-13,-30515.2
780,Customer_780,customer780@mail.com,sold,Rice,2023-01-30,2023-06-26,47,2350,147,60,13818.0,partial,28,0,2023-06-26,-13818.0
1107,Customer_1107,customer1107@mail.com,sold,Wheat,2023-12-18,2024-06-01,96,2400,166,35,18592.0,yes,36,86400,2024-06-01,67808.0
1085,Customer_1085,customer1085@mail.com,storing,Wheat,2024-06-25,2024-10-25,93,4650,122,55,20801.0,no,54,251100,2024-10-25,230299.0
1599,Customer_1599,customer1599@mail.com,sold,Sorghum,2024-02-15,2024-05-22,179,8950,97,24,13890.4,no,41,366950,2024-05-22,353059.6
1199,Customer_1199,customer1199@mail.com,sold,Wheat,2023-06-22,2023-09-18,95,4750,88,53,14769.33,partial,42,0,2023-09-18,-14769.33
128,Customer_128,customer128@mail.com,stored,Rice,2023-04-28,2023-07-19,88,2200,82,42,10102.4,yes,38,83600,2023-07-19,73497.6
1840,Customer_1840,customer1840@mail.com,storing,Sorghum,2024-05-10,2024-08-15,176,4400,97,34,19348.27,no,42,0,2024-08-15,-19348.27
1867,Customer_1867,customer1867@mail.com,stored,Sorghum,2023-06-08,2023-10-18,139,6950,132,44,26910.4,partial,42,291900,2023-10-18,264989.6
228,Customer_228,customer228@mail.com,storing,Wheat,2024-08-09,2024-11-16,120,3000,99,37,14652.0,partial,46,0,2024-11-16,-14652.0
1947,Customer_1947,customer1947@mail.com,stored,Millet,2023-03-06,2023-05-24,64,3200,79,33,5561.6,yes,46,147200,2023-05-24,141638.4
1954,Customer_1954,customer1954@mail.com,stored,Maize,2023-03-29,2023-06-22,198,9900,85,60,33660.0,no,34,0,2023-06-22,-33660.0
1692,Customer_1692,customer1692@mail.com,stored,Sorghum,2023-08-10,2023-09-02,156,7800,23,50,5980.0,yes,29,226200,2023-09-02,220220.0
399,Customer_399,customer399@mail.com,storing,Rice,2023-10-27,2024-04-19,200,5000,175,21,24500.0,no,37,185000,2024-04-19,160500.0
505,Customer_505,customer505@mail.com,storing,Wheat,2023-11-16,2023-11-26,17,425,10,26,147.33,yes,55,0,2023-11-26,-147.33
931,Customer_931,customer931@mail.com,stored,Rice,2024-05-27,2024-09-22,106,2650,118,47,19595.87,partial,47,0,2024-09-22,-19595.87
1013,Customer_1013,customer1013@mail.com,storing,Sorghum,2024-04-13,2024-07-04,109,5450,82,23,6852.47,partial,50,272500,2024-07-04,265647.53
1839,Customer_1839,customer1839@mail.com,stored,Rice,2023-12-27,2024-06-19,93,4650,175,54,29295.0,partial,53,0,2024-06-19,-29295.0
434,Customer_434,customer434@mail.com,sold,Millet,2023-03-26,2023-06-13,16,400,79,47,1980.27,no,30,0,2023-06-13,-1980.27
357,Customer_357,customer357@mail.com,stored,Maize,2024-05-31,2024-09-06,53,2650,98,20,3462.67,no,40,106000,2024-09-06,102537.33
1069,Customer_1069,customer1069@mail.com,sold,Maize,2023-10-18,2024-04-08,122,3050,173,29,20402.47,yes,51,155550,2024-04-08,135147.53
116,Customer_116,customer116@mail.com,storing,Millet,2023-04-10,2023-08-03,43,2150,115,45,7417.5,no,41,0,2023-08-03,-7417.5
673,Customer_673,customer673@mail.com,sold,Rice,2023-09-15,2024-02-03,137,3425,141,36,23180.4,partial,51,174675,2024-02-03,151494.6
1146,Customer_1146,customer1146@mail.com,stored,Wheat,2024-01-09,2024-02-24,48,2400,46,32,2355.2,partial,29,69600,2024-02-24,67244.8
1479,Customer_1479,customer1479@mail.com,sold,Wheat,2023-08-18,2023-08-30,132,6600,12,52,2745.6,yes,36,237600,2023-08-30,234854.4
164,Customer_164,customer164@mail.com,stored,Millet,2023-05-22,2023-07-09,85,4250,48,57,7752.0,partial,36,153000,2023-07-09,145248.0
1594,Customer_1594,customer1594@mail.com,storing,Millet,2023-01-29,2023-05-02,197,9850,93,45,27481.5,yes,44,0,2023-05-02,-27481.5
1821,Customer_1821,customer1821@mail.com,stored,Wheat,2023-10-27,2024-02-12,132,3300,108,50,23760.0,partial,51,0,2024-02-12,-23760.0
500,Customer_500,customer500@mail.com,stored,Rice,2023-01-21,2023-07-06,141,7050,166,31,24186.2,partial,42,296100,2023-07-06,271913.8
16,Customer_16,customer16@mail.com,storing,Millet,2023-06-16,2023-07-16,191,9550,30,41,7831.0,yes,27,0,2023-07-16,-7831.0
1293,Customer_1293,customer1293@mail.com,stored,Wheat,2024-03-09,2024-05-30,87,2175,82,55,13079.0,partial,52,113100,2024-05-30,100021.0
524,Customer_524,customer524@mail.com,storing,Barley,2024-04-17,2024-10-09,168,4200,175,48,47040.0,no,32,134400,2024-10-09,87360.0
911,Customer_911,customer911@mail.com,stored,Millet,2023-05-10,2023-06-01,150,7500,22,35,3850.0,partial,26,0,2023-06-01,-3850.0
1340,Customer_1340,customer1340@mail.com,storing,Wheat,2023-08-17,2023-10-06,47,2350,50,38,2976.67,partial,25,0,2023-10-06,-2976.67
1040,Customer_1040,customer1040@mail.com,storing,Maize,2024-07-07,2024-10-21,73,1825,106,53,13670.47,no,42,76650,2024-10-21,62979.53
765,Customer_765,customer765@mail.com,stored,Rice,2023-02-02,2023-06-27,39,1950,145,36,6786.0,yes,46,89700,2023-06-27,82914.0
474,Customer_474,customer474@mail.com,stored,Wheat,2023-05-27,2023-08-21,73,1825,86,35,7324.33,no,33,60225,2023-08-21,52900.67
51,Customer_51,customer51@mail.com,storing,Barley,2024-03-23,2024-07-22,84,4200,121,24,8131.2,yes,50,210000,2024-07-22,201868.8
904,Customer_904,customer904@mail.com,sold,Rice,2024-07-29,2024-11-11,32,1600,105,29,3248.0,partial,38,0,2024-11-11,-3248.0
60,Customer_60,customer60@mail.com,stored,Rice,2023-04-06,2023-05-08,39,1950,32,43,1788.8,no,25,0,2023-05-08,-1788.8
1107,Customer_1107,customer1107@mail.com,stored,Maize,2024-01-12,2024-06-22,19,475,162,46,4719.6,no,33,15675,2024-06-22,10955.4
1807,Customer_1807,customer1807@mail.com,stored,Barley,2023-03-22,2023-04-18,180,9000,27,48,7776.0,partial,41,369000,2023-04-18,361224.0
1557,Customer_1557,customer1557@mail.com,sold,Sorghum,2023-12-02,2024-01-28,94,2350,57,35,6251.0,no,35,82250,2024-01-28,75999.0
186,Customer_186,customer186@mail.com,stored,Rice,2024-04-06,2024-06-10,60,3000,65,27,3510.0,no,39,0,2024-06-10,-3510.0
1799,Customer_1799,customer1799@mail.com,stored,Barley,2023-04-13,2023-07-09,76,1900,87,32,7052.8,no,45,85500,2023-07-09,78447.2
1054,Customer_1054,customer1054@mail.com,sold,Rice,2023-04-02,2023-07-10,19,950,99,41,2570.7,no,29,27550,2023-07-10,24979.3
332,Customer_332,customer332@mail.com,sold,Barley,2024-02-23,2024-07-30,143,7150,158,60,45188.0,partial,44,314600,2024-07-30,269412.0
1106,Customer_1106,customer1106@mail.com,sold,Sorghum,2023-09-17,2024-02-05,160,8000,141,36,27072.0,no,37,0,2024-02-05,-27072.0
1849,Customer_1849,customer1849@mail.com,storing,Sorghum,2023-10-14,2023-12-05,160,8000,52,22,6101.33,no,47,0,2023-12-05,-6101.33
742,Customer_742,customer742@mail.com,stored,Wheat,2024-01-02,2024-01-23,68,3400,21,49,2332.4,yes,28,95200,2024-01-23,92867.6
1508,Customer_1508,customer1508@mail.com,sold,Rice,2023-12-16,2024-03-18,73,3650,93,40,9052.0,partial,46,0,2024-03-18,-9052.0
864,Customer_864,customer864@mail.com,storing,Barley,2023-10-26,2024-03-02,124,3100,128,21,11110.4,partial,46,142600,2024-03-02,131489.6
1129,Customer_1129,customer1129@mail.com,storing,Sorghum,2023-10-02,2024-03-23,157,3925,173,51,46173.7,yes,54,211950,2024-03-23,165776.3
997,Customer_997,customer997@mail.com,storing,Rice,2023-10-27,2024-03-25,21,525,150,55,5775.0,yes,33,0,2024-03-25,-5775.0
431,Customer_431,customer431@mail.com,storing,Sorghum,2024-05-22,2024-07-13,192,4800,52,26,8652.8,yes,40,0,2024-07-13,-8652.8
1139,Customer_1139,customer1139@mail.com,storing,Barley,2023-02-25,2023-08-04,125,3125,160,31,20666.67,yes,25,78125,2023-08-04,57458.33
835,Customer_835,customer835@mail.com,storing,Millet,2024-05-21,2024-07-19,21,525,59,31,1280.3,partial,51,26775,2024-07-19,25494.7
1369,Customer_1369,customer1369@mail.com,sold,Sorghum,2024-06-06,2024-11-22,11,275,169,24,1487.2,partial,32,0,2024-11-22,-1487.2
1196,Customer_1196,customer1196@mail.com,stored,Sorghum,2024-06-07,2024-11-14,39,1950,160,26,5408.0,partial,41,0,2024-11-14,-5408.0
777,Customer_777,customer777@mail.com,sold,Sorghum,2024-04-19,2024-05-12,123,6150,23,48,4526.4,no,50,307500,2024-05-12,302973.6
500,Customer_500,customer500@mail.com,storing,Barley,2023-11-22,2024-05-18,27,675,178,52,8330.4,partial,30,20250,2024-05-18,11919.6
1841,Customer_1841,customer1841@mail.com,sold,Sorghum,2023-08-01,2023-12-25,95,4750,146,39,18031.0,no,26,0,2023-12-25,-18031.0
1233,Customer_1233,customer1233@mail.com,storing,Sorghum,2023-08-29,2023-12-25,52,2600,118,43,8794.93,yes,31,0,2023-12-25,-8794.93
1373,Customer_1373,customer1373@mail.com,sold,Wheat,2023-12-30,2024-04-06,76,1900,98,33,8192.8,no,40,76000,2024-04-06,67807.2
1564,Customer_1564,customer1564@mail.com,sold,Rice,2023-04-30,2023-06-08,88,2200,39,40,4576.0,yes,42,92400,2023-06-08,87824.0
664,Customer_664,customer664@mail.com,stored,Sorghum,2023-07-10,2023-09-15,131,3275,67,43,12580.37,no,37,121175,2023-09-15,108594.63
361,Customer_361,customer361@mail.com,stored,Barley,2023-04-26,2023-09-05,19,950,132,54,4514.4,partial,30,28500,2023-09-05,23985.6
654,Customer_654,customer654@mail.com,sold,Maize,2024-02-21,2024-08-02,56,1400,163,59,17951.73,no,55,0,2024-08-02,-17951.73
1491,Customer_1491,customer1491@mail.com,storing,Barley,2024-01-31,2024-05-29,121,3025,119,40,19198.67,yes,32,96800,2024-05-29,77601.33
1610,Customer_1610,customer1610@mail.com,stored,Sorghum,2024-08-06,2024-08-19,156,3900,13,37,2501.2,partial,51,0,2024-08-19,-2501.2
1457,Customer_1457,customer1457@mail.com,sold,Barley,2023-10-10,2024-03-13,146,3650,155,24,18104.0,yes,31,113150,2024-03-13,95046.0
891,Customer_891,customer891@mail.com,storing,Wheat,2023-02-14,2023-04-14,112,2800,59,51,11233.6,no,31,86800,2023-04-14,75566.4
214,Customer_214,customer214@mail.com,sold,Wheat,2024-05-03,2024-08-13,116,2900,102,33,13015.2,partial,37,107300,2024-08-13,94284.8
1056,Customer_1056,customer1056@mail.com,storing,Maize,2023-01-04,2023-04-07,98,2450,93,28,8506.4,yes,50,0,2023-04-07,-8506.4
755,Customer_755,customer755@mail.com,sold,Millet,2023-08-29,2023-11-14,186,4650,77,35,16709.0,no,51,0,2023-11-14,-16709.0
1562,Customer_1562,customer1562@mail.com,stored,Wheat,2023-05-23,2023-09-08,170,8500,108,50,30600.0,yes,50,425000,2023-09-08,394400.0
1276,Customer_1276,customer1276@mail.com,sold,Rice,2023-10-21,2024-03-07,147,3675,138,43,29076.6,no,29,106575,2024-03-07,77498.4
556,Customer_556,customer556@mail.com,sold,Wheat,2024-01-26,2024-06-12,145,7250,138,38,25346.0,no,34,0,2024-06-12,-25346.0
936,Customer_936,customer936@mail.com,stored,Barley,2023-05-26,2023-10-26,117,2925,153,33,19691.1,no,42,0,2023-10-26,-19691.1
1303,Customer_1303,customer1303@mail.com,sold,Millet,2024-01-12,2024-04-03,148,3700,82,58,23462.93,partial,46,0,2024-04-03,-23462.93
1889,Customer_1889,customer1889@mail.com,storing,Millet,2024-03-16,2024-06-09,69,1725,85,32,6256.0,partial,31,53475,2024-06-09,47219.0
1268,Customer_1268,customer1268@mail.com,sold,Sorghum,2023-10-19,2024-04-07,18,900,171,34,3488.4,yes,41,36900,2024-04-07,33411.6
1156,Customer_1156,customer1156@mail.com,storing,Wheat,2024-05-31,2024-08-05,142,3550,66,35,10934.0,no,25,0,2024-08-05,-10934.0
1009,Customer_1009,customer1009@mail.com,storing,Barley,2023-11-06,2024-04-17,34,1700,163,41,7574.07,no,32,54400,2024-04-17,46825.93
1186,Customer_1186,customer1186@mail.com,stored,Barley,2023-10-11,2023-12-22,135,3375,72,38,12312.0,partial,41,0,2023-12-22,-12312.0
958,Customer_958,customer958@mail.com,storing,Sorghum,2023-09-07,2024-01-04,108,2700,119,51,21848.4,yes,42,113400,2024-01-04,91551.6
698,Customer_698,customer698@mail.com,storing,Barley,2023-12-29,2024-05-02,156,3900,125,42,27300.0,partial,49,0,2024-05-02,-27300.0
377,Customer_377,customer377@mail.com,sold,Barley,2024-08-04,2024-11-17,72,3600,105,38,9576.0,partial,28,0,2024-11-17,-9576.0
85,Customer_85,customer85@mail.com,sold,Sorghum,2024-06-09,2024-12-03,37,1850,177,24,5239.2,yes,49,90650,2024-12-03,85410.8
1029,Customer_1029,customer1029@mail.com,sold,Sorghum,2024-08-17,2024-09-02,50,2500,16,23,613.33,no,34,85000,2024-09-02,84386.67
774,Customer_774,customer774@mail.com,storing,Wheat,2023-03-02,2023-05-16,118,2950,75,34,10030.0,partial,49,0,2023-05-16,-10030.0
961,Customer_961,customer961@mail.com,storing,Sorghum,2024-02-28,2024-04-06,161,8050,38,53,10808.47,yes,40,0,2024-04-06,-10808.47
1967,Customer_1967,customer1967@mail.com,sold,Rice,2023-04-18,2023-08-18,162,4050,122,56,36892.8,partial,32,129600,2023-08-18,92707.2
1122,Customer_1122,customer1122@mail.com,sold,Barley,2023-01-29,2023-06-23,121,6050,145,36,21054.0,yes,47,0,2023-06-23,-21054.0
1872,Customer_1872,customer1872@mail.com,stored,Barley,2024-08-18,2024-10-18,143,3575,61,59,17155.23,no,54,193050,2024-10-18,175894.77
1779,Customer_1779,customer1779@mail.com,sold,Barley,2024-08-15,2024-10-27,45,2250,73,42,4599.0,partial,28,0,2024-10-27,-4599.0
1579,Customer_1579,customer1579@mail.com,stored,Wheat,2024-07-10,2024-12-04,56,1400,147,37,10152.8,no,48,67200,2024-12-04,57047.2
1316,Customer_1316,customer1316@mail.com,sold,Wheat,2023-12-01,2024-03-05,185,9250,95,20,11716.67,no,25,0,2024-03-05,-11716.67
59,Customer_59,customer59@mail.com,stored,Rice,2023-12-18,2024-06-15,20,1000,180,47,5640.0,partial,30,0,2024-06-15,-5640.0
1268,Customer_1268,customer1268@mail.com,stored,Sorghum,2023-01-18,2023-07-17,37,925,180,33,7326.0,partial,42,38850,2023-07-17,31524.0
111,Customer_111,customer111@mail.com,stored,Sorghum,2023-03-28,2023-04-23,103,5150,26,23,2053.13,no,54,0,2023-04-23,-2053.13
544,Customer_544,customer544@mail.com,sold,Rice,2023-04-23,2023-10-12,76,1900,172,22,9586.13,yes,55,0,2023-10-12,-9586.13
203,Customer_203,customer203@mail.com,stored,Sorghum,2023-02-28,2023-07-19,29,1450,141,59,8041.7,no,37,53650,2023-07-19,45608.3
526,Customer_526,customer526@mail.com,stored,Maize,2023-09-09,2023-10-24,113,2825,45,44,7458.0,no,45,127125,2023-10-24,119667.0
1838,Customer_1838,customer1838@mail.com,storing,Barley,2024-06-09,2024-08-30,60,3000,82,33,5412.0,no,25,75000,2024-08-30,69588.0
1836,Customer_1836,customer1836@mail.com,stored,Rice,2023-09-01,2024-01-05,69,3450,126,57,16518.6,yes,27,0,2024-01-05,-16518.6
243,Customer_243,customer243@mail.com,stored,Maize,2023-08-21,2023-12-15,194,4850,116,45,33756.0,partial,54,0,2023-12-15,-33756.0
1191,Customer_1191,customer1191@mail.com,stored,Wheat,2024-04-09,2024-07-14,91,2275,96,27,7862.4,no,30,68250,2024-07-14,60387.6
1940,Customer_1940,customer1940@mail.com,stored,Millet,2024-07-11,2024-10-16,197,9850,97,48,30574.4,no,34,0,2024-10-16,-30574.4
291,Customer_291,customer291@mail.com,stored,Sorghum,2023-12-28,2024-02-08,110,5500,42,29,4466.0,partial,42,0,2024-02-08,-4466.0
1946,Customer_1946,customer1946@mail.com,storing,Rice,2024-05-27,2024-10-21,157,3925,147,26,20001.8,partial,34,0,2024-10-21,-20001.8
382,Customer_382,customer382@mail.com,storing,Rice,2023-08-14,2024-01-07,122,6100,146,37,21968.13,partial,47,286700,2024-01-07,264731.87
1185,Customer_1185,customer1185@mail.com,storing,Maize,2023-06-29,2023-09-13,65,1625,76,33,5434.0,partial,28,0,2023-09-13,-5434.0
1467,Customer_1467,customer1467@mail.com,sold,Sorghum,2024-02-17,2024-03-10,191,9550,22,59,8263.93,partial,37,0,2024-03-10,-8263.93
1944,Customer_1944,customer1944@mail.com,sold,Barley,2023-08-21,2023-12-11,184,4600,112,56,38468.27,no,43,197800,2023-12-11,159331.73
54,Customer_54,customer54@mail.com,stored,Millet,2023-10-27,2024-04-21,109,2725,177,48,30868.8,no,45,122625,2024-04-21,91756.2
693,Customer_693,customer693@mail.com,storing,Maize,2024-03-06,2024-04-10,51,2550,35,41,2439.5,partial,41,104550,2024-04-10,102110.5
851,Customer_851,customer851@mail.com,storing,Rice,2023-08-26,2023-10-16,34,850,51,35,2023.0,no,53,0,2023-10-16,-2023.0
40,Customer_40,customer40@mail.com,stored,Wheat,2023-03-20,2023-07-17,64,1600,119,29,7362.13,yes,35,0,2023-07-17,-7362.13
1569,Customer_1569,customer1569@mail.com,storing,Sorghum,2023-04-24,2023-07-18,101,2525,85,59,16883.83,no,25,63125,2023-07-18,46241.17
1267,Customer_1267,customer1267@mail.com,storing,Sorghum,2023-03-07,2023-08-17,168,8400,163,41,37424.8,partial,25,210000,2023-08-17,172575.2
531,Customer_531,customer531@mail.com,sold,Millet,2023-12-17,2024-05-18,158,7900,153,42,33843.6,no,27,213300,2024-05-18,179456.4
1083,Customer_1083,customer1083@mail.com,sold,Millet,2023-12-22,2024-06-12,44,2200,173,59,14970.27,no,51,0,2024-06-12,-14970.27
997,Customer_997,customer997@mail.com,stored,Maize,2024-04-21,2024-08-02,178,8900,103,37,22611.93,partial,40,356000,2024-08-02,333388.07
626,Customer_626,customer626@mail.com,storing,Millet,2023-10-31,2023-11-16,34,1700,16,38,689.07,yes,35,59500,2023-11-16,58810.93
208,Customer_208,customer208@mail.com,sold,Maize,2023-12-17,2024-04-05,118,2950,110,28,12114.67,partial,54,159300,2024-04-05,147185.33
1586,Customer_1586,customer1586@mail.com,storing,Millet,2023-05-27,2023-08-19,100,2500,84,37,10360.0,partial,41,102500,2023-08-19,92140.0
900,Customer_900,customer900@mail.com,stored,Millet,2023-06-09,2023-08-13,113,5650,65,55,13465.83,yes,34,192100,2023-08-13,178634.17
1759,Customer_1759,customer1759@mail.com,stored,Wheat,2023-11-15,2024-03-19,47,1175,125,20,3916.67,no,26,30550,2024-03-19,26633.33
407,Customer_407,customer407@mail.com,storing,Maize,2023-02-19,2023-07-01,92,2300,132,27,10929.6,yes,44,101200,2023-07-01,90270.4
1403,Customer_1403,customer1403@mail.com,sold,Rice,2024-01-11,2024-06-29,53,1325,170,59,17719.67,yes,33,43725,2024-06-29,26005.33
732,Customer_732,customer732@mail.com,sold,Rice,2023-05-27,2023-07-18,106,2650,52,42,7716.8,no,47,0,2023-07-18,-7716.8
1679,Customer_1679,customer1679@mail.com,stored,Maize,2023-02-03,2023-07-03,23,575,150,21,2415.0,partial,31,17825,2023-07-03,15410.0
490,Customer_490,customer490@mail.com,stored,Sorghum,2023-12-25,2024-06-03,77,1925,161,52,21488.13,yes,40,0,2024-06-03,-21488.13
643,Customer_643,customer643@mail.com,stored,Sorghum,2023-02-05,2023-05-02,29,725,86,24,1995.2,no,42,30450,2023-05-02,28454.8
1388,Customer_1388,customer1388@mail.com,stored,Maize,2023-12-11,2024-05-24,186,4650,165,26,26598.0,partial,54,0,2024-05-24,-26598.0
263,Customer_263,customer263@mail.com,storing,Barley,2023-06-18,2023-09-20,119,2975,94,22,8203.07,no,52,154700,2023-09-20,146496.93
1180,Customer_1180,customer1180@mail.com,storing,Barley,2024-06-17,2024-09-26,45,2250,101,29,4393.5,partial,46,103500,2024-09-26,99106.5
371,Customer_371,customer371@mail.com,storing,Barley,2024-08-14,2025-01-09,191,9550,148,56,52766.93,partial,32,0,2025-01-09,-52766.93
643,Customer_643,customer643@mail.com,stored,Sorghum,2024-03-12,2024-05-22,178,8900,71,45,18957.0,partial,35,0,2024-05-22,-18957.0
1892,Customer_1892,customer1892@mail.com,storing,Wheat,2023-01-21,2023-04-03,12,600,72,48,1382.4,no,51,30600,2023-04-03,29217.6
490,Customer_490,customer490@mail.com,sold,Sorghum,2023-04-09,2023-04-30,191,4775,21,41,5481.7,yes,48,229200,2023-04-30,223718.3
1721,Customer_1721,customer1721@mail.com,storing,Millet,2024-04-20,2024-07-17,94,4700,88,40,11029.33,partial,40,188000,2024-07-17,176970.67
82,Customer_82,customer82@mail.com,stored,Millet,2023-09-18,2023-11-04,24,1200,47,39,1466.4,yes,45,54000,2023-11-04,52533.6
90,Customer_90,customer90@mail.com,sold,Millet,2023-01-17,2023-07-02,81,4050,166,35,15687.0,partial,33,0,2023-07-02,-15687.0
890,Customer_890,customer890@mail.com,sold,Maize,2024-06-18,2024-07-12,69,1725,24,28,1545.6,no,43,0,2024-07-12,-1545.6
103,Customer_103,customer103@mail.com,sold,Sorghum,2023-10-10,2023-11-27,155,7750,48,38,9424.0,yes,37,286750,2023-11-27,277326.0
1195,Customer_1195,customer1195@mail.com,sold,Barley,2024-04-29,2024-09-29,61,1525,153,24,7466.4,yes,29,44225,2024-09-29,36758.6
1128,Customer_1128,customer1128@mail.com,stored,Rice,2023-09-03,2024-01-15,46,2300,134,57,11711.6,no,39,89700,2024-01-15,77988.4
1062,Customer_1062,customer1062@mail.com,storing,Barley,2024-05-11,2024-06-13,167,8350,33,47,8633.9,yes,51,425850,2024-06-13,417216.1
1397,Customer_1397,customer1397@mail.com,sold,Millet,2023-06-19,2023-08-20,118,2950,62,57,13900.4,partial,38,0,2023-08-20,-13900.4
1531,Customer_1531,customer1531@mail.com,storing,Barley,2024-02-06,2024-08-04,89,4450,180,32,17088.0,partial,50,0,2024-08-04,-17088.0
550,Customer_550,customer550@mail.com,sold,Barley,2024-05-19,2024-09-02,91,4550,106,33,10610.6,no,49,0,2024-09-02,-10610.6
839,Customer_839,customer839@mail.com,sold,Rice,2024-06-30,2024-10-18,79,1975,110,56,16221.33,partial,47,0,2024-10-18,-16221.33
1382,Customer_1382,customer1382@mail.com,stored,Sorghum,2024-05-12,2024-06-09,193,9650,28,27,4863.6,yes,28,270200,2024-06-09,265336.4
1227,Customer_1227,customer1227@mail.com,sold,Maize,2023-09-10,2023-12-19,73,1825,100,44,10706.67,yes,35,63875,2023-12-19,53168.33
114,Customer_114,customer114@mail.com,stored,Rice,2023-12-19,2024-05-05,68,3400,138,58,18142.4,no,44,0,2024-05-05,-18142.4
1155,Customer_1155,customer1155@mail.com,sold,Wheat,2024-07-13,2024-10-26,152,3800,105,41,21812.0,yes,51,193800,2024-10-26,171988.0
82,Customer_82,customer82@mail.com,stored,Barley,2024-02-23,2024-03-20,41,1025,26,41,1456.87,yes,42,43050,2024-03-20,41593.13
900,Customer_900,customer900@mail.com,sold,Barley,2023-08-21,2023-10-01,195,4875,41,45,11992.5,partial,54,263250,2023-10-01,251257.5
1723,Customer_1723,customer1723@mail.com,sold,Wheat,2023-06-29,2023-08-18,34,1700,50,33,1870.0,yes,44,0,2023-08-18,-1870.0
96,Customer_96,customer96@mail.com,stored,Sorghum,2024-03-01,2024-05-04,108,5400,64,25,5760.0,no,34,0,2024-05-04,-5760.0
766,Customer_766,customer766@mail.com,stored,Sorghum,2023-09-08,2024-02-20,155,3875,165,36,30690.0,yes,36,139500,2024-02-20,108810.0
1064,Customer_1064,customer1064@mail.com,stored,Sorghum,2023-11-02,2024-04-12,12,600,162,23,1490.4,partial,47,0,2024-04-12,-1490.4
155,Customer_155,customer155@mail.com,storing,Barley,2024-06-01,2024-09-20,72,3600,111,51,13586.4,yes,46,0,2024-09-20,-13586.4
846,Customer_846,customer846@mail.com,storing,Rice,2023-11-22,2024-01-19,117,5850,58,26,5881.2,yes,36,0,2024-01-19,-5881.2
521,Customer_521,customer521@mail.com,sold,Sorghum,2023-11-02,2024-02-04,142,3550,94,48,21356.8,partial,40,142000,2024-02-04,120643.2
669,Customer_669,customer669@mail.com,sold,Rice,2023-05-27,2023-08-31,194,4850,96,24,14899.2,no,43,208550,2023-08-31,193650.8
1525,Customer_1525,customer1525@mail.com,storing,Maize,2024-03-29,2024-06-13,154,7700,76,60,23408.0,partial,49,377300,2024-06-13,353892.0
444,Customer_444,customer444@mail.com,sold,Rice,2024-02-05,2024-06-08,73,3650,124,30,9052.0,no,40,0,2024-06-08,-9052.0
298,Customer_298,customer298@mail.com,sold,Barley,2023-03-01,2023-07-18,36,900,139,45,7506.0,partial,40,0,2023-07-18,-7506.0
45,Customer_45,customer45@mail.com,storing,Wheat,2024-01-10,2024-05-03,34,850,114,43,5555.6,partial,38,32300,2024-05-03,26744.4
27,Customer_27,customer27@mail.com,stored,Barley,2024-03-19,2024-07-01,169,8450,104,22,12889.07,yes,33,278850,2024-07-01,265960.93
1123,Customer_1123,customer1123@mail.com,storing,Barley,2023-08-27,2023-09-27,172,8600,31,47,8353.47,yes,27,232200,2023-09-27,223846.53
853,Customer_853,customer853@mail.com,stored,Barley,2024-03-06,2024-04-21,128,3200,46,31,6084.27,yes,33,105600,2024-04-21,99515.73
1965,Customer_1965,customer1965@mail.com,sold,Rice,2023-10-29,2024-02-04,12,600,98,37,1450.4,no,43,25800,2024-02-04,24349.6
525,Customer_525,customer525@mail.com,storing,Maize,2023-06-13,2023-09-26,178,4450,105,31,19313.0,no,49,218050,2023-09-26,198737.0
1160,Customer_1160,customer1160@mail.com,stored,Wheat,2024-04-01,2024-08-12,177,8850,133,54,42373.8,yes,48,0,2024-08-12,-42373.8
1637,Customer_1637,customer1637@mail.com,storing,Maize,2024-07-25,2024-10-29,33,1650,96,20,2112.0,no,25,41250,2024-10-29,39138.0
1780,Customer_1780,customer1780@mail.com,stored,Millet,2023-10-24,2024-02-07,113,5650,106,34,13575.07,partial,25,0,2024-02-07,-13575.07
1901,Customer_1901,customer1901@mail.com,sold,Sorghum,2024-07-23,2024-12-18,75,3750,148,23,8510.0,partial,49,183750,2024-12-18,175240.0
415,Customer_415,customer415@mail.com,storing,Barley,2023-06-08,2023-07-19,200,10000,41,52,14213.33,no,44,440000,2023-07-19,425786.67
1783,Customer_1783,customer1783@mail.com,stored,Millet,2024-02-03,2024-02-18,123,3075,15,52,3198.0,partial,40,0,2024-02-18,-3198.0
1388,Customer_1388,customer1388@mail.com,storing,Maize,2024-04-07,2024-06-05,119,5950,59,50,11701.67,yes,40,0,2024-06-05,-11701.67
1095,Customer_1095,customer1095@mail.com,sold,Wheat,2024-04-11,2024-08-15,51,1275,126,50,10710.0,no,44,56100,2024-08-15,45390.0
612,Customer_612,customer612@mail.com,stored,Maize,2023-07-19,2023-08-15,147,3675,27,50,6615.0,partial,35,128625,2023-08-15,122010.0
320,Customer_320,customer320@mail.com,sold,Rice,2023-06-26,2023-11-17,124,6200,144,46,27379.2,no,47,0,2023-11-17,-27379.2
1408,Customer_1408,customer1408@mail.com,storing,Wheat,2023-04-17,2023-08-28,162,4050,133,42,30164.4,partial,49,0,2023-08-28,-30164.4
1350,Customer_1350,customer1350@mail.com,stored,Sorghum,2023-08-05,2023-08-17,165,4125,12,43,2838.0,partial,31,0,2023-08-17,-2838.0
1594,Customer_1594,customer1594@mail.com,stored,Wheat,2023-05-05,2023-10-22,26,1300,170,49,7219.33,partial,36,0,2023-10-22,-7219.33
97,Customer_97,customer97@mail.com,storing,Wheat,2023-10-06,2024-03-05,142,7100,151,48,34307.2,yes,50,0,2024-03-05,-34307.2
1203,Customer_1203,customer1203@mail.com,stored,Millet,2023-04-15,2023-07-09,36,1800,85,27,2754.0,no,50,90000,2023-07-09,87246.0
1235,Customer_1235,customer1235@mail.com,storing,Millet,2023-09-06,2023-11-25,28,700,80,49,3658.67,no,55,0,2023-11-25,-3658.67
408,Customer_408,customer408@mail.com,storing,Sorghum,2023-10-21,2024-03-08,150,7500,139,49,34055.0,yes,51,382500,2024-03-08,348445.0
1094,Customer_1094,customer1094@mail.com,sold,Wheat,2024-02-12,2024-03-12,148,7400,29,38,5436.53,yes,33,0,2024-03-12,-5436.53
731,Customer_731,customer731@mail.com,stored,Sorghum,2024-04-22,2024-09-09,114,5700,140,35,18620.0,partial,46,0,2024-09-09,-18620.0
867,Customer_867,customer867@mail.com,sold,Wheat,2024-03-14,2024-07-25,143,7150,133,26,16483.13,no,46,328900,2024-07-25,312416.87
1096,Customer_1096,customer1096@mail.com,storing,Maize,2024-02-19,2024-08-15,36,900,178,36,7689.6,yes,51,0,2024-08-15,-7689.6
632,Customer_632,customer632@mail.com,storing,Barley,2024-05-11,2024-06-22,181,4525,42,20,5068.0,no,41,185525,2024-06-22,180457.0
1338,Customer_1338,customer1338@mail.com,stored,Rice,2024-01-06,2024-03-28,198,9900,82,42,22730.4,yes,30,0,2024-03-28,-22730.4
1093,Customer_1093,customer1093@mail.com,stored,Rice,2024-02-22,2024-03-28,198,9900,35,22,5082.0,partial,37,366300,2024-03-28,361218.0
1555,Customer_1555,customer1555@mail.com,sold,Rice,2023-07-24,2023-09-16,146,3650,54,21,5518.8,partial,38,138700,2023-09-16,133181.2
260,Customer_260,customer260@mail.com,stored,Sorghum,2023-12-27,2024-05-08,107,5350,133,55,26090.17,yes,28,0,2024-05-08,-26090.17
35,Customer_35,customer35@mail.com,storing,Wheat,2023-02-23,2023-08-01,150,7500,159,59,46905.0,partial,50,0,2023-08-01,-46905.0
266,Customer_266,customer266@mail.com,stored,Maize,2023-02-03,2023-03-09,178,8900,34,54,10893.6,partial,43,0,2023-03-09,-10893.6
1828,Customer_1828,customer1828@mail.com,sold,Maize,2024-07-01,2024-07-19,12,600,18,41,295.2,yes,46,0,2024-07-19,-295.2
950,Customer_950,customer950@mail.com,storing,Rice,2024-06-06,2024-10-25,136,3400,141,47,30042.4,yes,30,0,2024-10-25,-30042.4
187,Customer_187,customer187@mail.com,sold,Rice,2023-10-16,2024-01-31,167,8350,107,54,32164.2,partial,41,0,2024-01-31,-32164.2
1661,Customer_1661,customer1661@mail.com,storing,Maize,2024-05-09,2024-06-10,180,4500,32,35,6720.0,no,54,0,2024-06-10,-6720.0
1263,Customer_1263,customer1263@mail.com,stored,Millet,2024-05-28,2024-09-28,73,1825,123,29,8679.7,partial,33,0,2024-09-28,-8679.7
1629,Customer_1629,customer1629@mail.com,storing,Rice,2023-09-02,2023-11-05,183,4575,64,27,10540.8,partial,54,0,2023-11-05,-10540.8
877,Customer_877,customer877@mail.com,sold,Wheat,2023-03-28,2023-06-03,133,3325,67,58,17227.93,partial,36,119700,2023-06-03,102472.07
140,Customer_140,customer140@mail.com,stored,Wheat,2023-03-23,2023-05-21,98,2450,59,51,9829.4,partial,37,0,2023-05-21,-9829.4
183,Customer_183,customer183@mail.com,sold,Rice,2024-02-18,2024-07-28,148,3700,161,54,42890.4,yes,46,0,2024-07-28,-42890.4
519,Customer_519,customer519@mail.com,stored,Rice,2023-09-06,2023-09-18,143,3575,12,35,2002.0,partial,43,153725,2023-09-18,151723.0
633,Customer_633,customer633@mail.com,stored,Wheat,2024-03-09,2024-08-08,30,750,152,29,4408.0,no,29,21750,2024-08-08,17342.0
1943,Customer_1943,customer1943@mail.com,stored,Wheat,2024-06-23,2024-10-13,171,8550,112,51,32558.4,partial,51,436050,2024-10-13,403491.6
533,Customer_533,customer533@mail.com,storing,Sorghum,2024-02-27,2024-06-22,108,2700,116,38,15868.8,no,39,105300,2024-06-22,89431.2
1930,Customer_1930,customer1930@mail.com,sold,Barley,2023-06-09,2023-07-08,52,1300,29,46,2312.27,yes,33,42900,2023-07-08,40587.73
5,Customer_5,customer5@mail.com,sold,Millet,2023-05-31,2023-09-02,36,1800,94,58,6542.4,partial,34,61200,2023-09-02,54657.6
943,Customer_943,customer943@mail.com,stored,Maize,2024-02-27,2024-07-11,39,975,135,33,5791.5,no,44,0,2024-07-11,-5791.5
562,Customer_562,customer562@mail.com,storing,Barley,2024-08-12,2025-01-26,87,2175,167,47,22762.1,partial,27,0,2025-01-26,-22762.1
581,Customer_581,customer581@mail.com,stored,Rice,2024-02-21,2024-07-11,18,900,141,40,3384.0,partial,36,0,2024-07-11,-3384.0
270,Customer_270,customer270@mail.com,stored,Rice,2024-08-20,2024-09-23,143,3575,34,50,8103.33,yes,29,0,2024-09-23,-8103.33
500,Customer_500,customer500@mail.com,stored,Barley,2024-08-14,2024-11-06,98,4900,84,20,5488.0,partial,51,249900,2024-11-06,244412.0
73,Customer_73,customer73@mail.com,sold,Millet,2024-08-12,2024-09-14,166,8300,33,51,9312.6,no,55,0,2024-09-14,-9312.6
1547,Customer_1547,customer1547@mail.com,stored,Wheat,2023-12-12,2024-03-02,79,3950,81,43,9171.9,no,38,150100,2024-03-02,140928.1
1988,Customer_1988,customer1988@mail.com,storing,Sorghum,2023-09-19,2024-03-09,63,3150,172,54,19504.8,partial,26,0,2024-03-09,-19504.8
1930,Customer_1930,customer1930@mail.com,stored,Millet,2024-08-07,2025-01-06,68,1700,152,34,11714.13,partial,44,0,2025-01-06,-11714.13
1538,Customer_1538,customer1538@mail.com,storing,Barley,2024-02-07,2024-03-11,19,475,33,56,1170.4,no,32,0,2024-03-11,-1170.4
677,Customer_677,customer677@mail.com,storing,Maize,2024-06-24,2024-11-24,106,2650,153,33,17839.8,partial,25,0,2024-11-24,-17839.8
911,Customer_911,customer911@mail.com,stored,Rice,2024-07-03,2024-07-28,90,4500,25,30,2250.0,no,27,0,2024-07-28,-2250.0
437,Customer_437,customer437@mail.com,sold,Millet,2023-05-26,2023-07-30,167,4175,65,39,14111.5,partial,41,0,2023-07-30,-14111.5
1530,Customer_1530,customer1530@mail.com,storing,Maize,2024-03-30,2024-04-21,76,3800,22,58,3232.53,partial,30,0,2024-04-21,-3232.53
1849,Customer_1849,customer1849@mail.com,storing,Sorghum,2024-01-25,2024-07-20,28,1400,177,46,7599.2,no,25,0,2024-07-20,-7599.2
660,Customer_660,customer660@mail.com,sold,Millet,2023-11-09,2024-01-02,169,4225,54,23,6996.6,yes,45,190125,2024-01-02,183128.4
224,Customer_224,customer224@mail.com,storing,Millet,2023-05-22,2023-07-27,108,2700,66,57,13543.2,yes,28,75600,2023-07-27,62056.8
1910,Customer_1910,customer1910@mail.com,sold,Rice,2024-07-14,2024-11-29,159,7950,138,51,37301.4,yes,43,0,2024-11-29,-37301.4
767,Customer_767,customer767@mail.com,sold,Wheat,2023-01-27,2023-06-12,199,9950,136,36,32476.8,partial,49,0,2023-06-12,-32476.8
1979,Customer_1979,customer1979@mail.com,stored,Rice,2023-11-01,2024-02-10,89,4450,101,29,8689.37,no,28,0,2024-02-10,-8689.37
144,Customer_144,customer144@mail.com,storing,Maize,2023-06-19,2023-08-05,14,350,47,44,965.07,yes,32,11200,2023-08-05,10234.93
660,Customer_660,customer660@mail.com,stored,Barley,2023-12-12,2024-04-04,44,1100,114,34,5684.8,partial,29,0,2024-04-04,-5684.8
544,Customer_544,customer544@mail.com,storing,Sorghum,2023-08-03,2023-12-01,100,5000,120,21,8400.0,yes,46,0,2023-12-01,-8400.0
1818,Customer_1818,customer1818@mail.com,stored,Barley,2023-05-03,2023-07-15,144,7200,73,21,7358.4,no,51,0,2023-07-15,-7358.4
1975,Customer_1975,customer1975@mail.com,storing,Rice,2024-01-11,2024-03-30,57,1425,79,40,6004.0,partial,35,49875,2024-03-30,43871.0
1348,Customer_1348,customer1348@mail.com,sold,Maize,2023-07-17,2023-10-19,47,2350,94,23,3387.13,yes,41,0,2023-10-19,-3387.13
979,Customer_979,customer979@mail.com,stored,Maize,2023-08-23,2023-12-02,85,2125,101,34,9729.67,partial,41,0,2023-12-02,-9729.67
1068,Customer_1068,customer1068@mail.com,storing,Barley,2023-12-30,2024-03-16,135,3375,77,58,20097.0,partial,43,145125,2024-03-16,125028.0
1972,Customer_1972,customer1972@mail.com,sold,Rice,2024-02-18,2024-08-03,23,1150,167,60,7682.0,no,45,51750,2024-08-03,44068.0
1923,Customer_1923,customer1923@mail.com,storing,Barley,2023-05-11,2023-06-21,193,9650,41,45,11869.5,yes,43,0,2023-06-21,-11869.5
1583,Customer_1583,customer1583@mail.com,stored,Wheat,2024-06-02,2024-10-01,66,3300,121,42,11180.4,yes,46,151800,2024-10-01,140619.6
1945,Customer_1945,customer1945@mail.com,sold,Sorghum,2024-07-02,2024-10-07,179,8950,97,30,17363.0,no,25,223750,2024-10-07,206387.0
1222,Customer_1222,customer1222@mail.com,storing,Barley,2023-12-19,2024-04-07,132,6600,110,46,22264.0,yes,54,356400,2024-04-07,334136.0
398,Customer_398,customer398@mail.com,sold,Millet,2023-10-20,2024-01-22,16,800,94,41,2055.47,partial,53,42400,2024-01-22,40344.53
113,Customer_113,customer113@mail.com,stored,Sorghum,2024-05-12,2024-10-09,110,2750,150,40,22000.0,yes,44,121000,2024-10-09,99000.0
1398,Customer_1398,customer1398@mail.com,sold,Millet,2024-01-11,2024-02-21,159,7950,41,60,13038.0,partial,52,413400,2024-02-21,400362.0
1959,Customer_1959,customer1959@mail.com,sold,Barley,2024-07-12,2024-10-24,28,1400,104,51,4950.4,no,38,53200,2024-10-24,48249.6
177,Customer_177,customer177@mail.com,sold,Maize,2024-03-27,2024-06-14,160,4000,79,36,15168.0,no,47,0,2024-06-14,-15168.0
619,Customer_619,customer619@mail.com,storing,Maize,2024-03-10,2024-05-10,198,9900,61,39,15701.4,no,52,0,2024-05-10,-15701.4
435,Customer_435,customer435@mail.com,storing,Sorghum,2024-03-16,2024-04-28,99,4950,43,43,6101.7,partial,54,267300,2024-04-28,261198.3
1180,Customer_1180,customer1180@mail.com,stored,Maize,2023-05-06,2023-10-05,116,2900,152,21,12342.4,no,44,0,2023-10-05,-12342.4
1781,Customer_1781,customer1781@mail.com,stored,Rice,2024-01-22,2024-02-13,199,4975,22,28,4086.13,partial,48,0,2024-02-13,-4086.13
535,Customer_535,customer535@mail.com,storing,Millet,2023-03-10,2023-03-30,24,600,20,32,512.0,yes,49,29400,2023-03-30,28888.0
793,Customer_793,customer793@mail.com,sold,Wheat,2023-09-19,2023-11-29,200,10000,71,55,26033.33,no,47,470000,2023-11-29,443966.67
730,Customer_730,customer730@mail.com,stored,Wheat,2024-01-26,2024-06-08,125,3125,134,20,11166.67,partial,25,78125,2024-06-08,66958.33
1158,Customer_1158,customer1158@mail.com,storing,Sorghum,2024-01-12,2024-04-22,195,4875,101,26,17069.0,yes,33,160875,2024-04-22,143806.0
373,Customer_373,customer373@mail.com,sold,Sorghum,2023-05-06,2023-08-07,115,5750,93,55,19607.5,yes,42,0,2023-08-07,-19607.5
1460,Customer_1460,customer1460@mail.com,stored,Millet,2023-01-12,2023-02-01,166,4150,20,59,6529.33,no,54,224100,2023-02-01,217570.67
1531,Customer_1531,customer1531@mail.com,sold,Sorghum,2023-10-23,2023-12-12,91,2275,50,36,5460.0,yes,46,104650,2023-12-12,99190.0
1382,Customer_1382,customer1382@mail.com,stored,Rice,2024-07-25,2024-09-30,55,1375,67,31,3807.83,partial,41,56375,2024-09-30,52567.17
1912,Customer_1912,customer1912@mail.com,storing,Sorghum,2023-07-15,2023-09-05,150,3750,52,25,6500.0,no,30,0,2023-09-05,-6500.0
277,Customer_277,customer277@mail.com,storing,Rice,2023-12-15,2024-05-13,25,1250,150,57,7125.0,no,54,0,2024-05-13,-7125.0
1939,Customer_1939,customer1939@mail.com,stored,Sorghum,2024-03-15,2024-06-14,38,1900,91,37,4264.87,partial,30,57000,2024-06-14,52735.13
493,Customer_493,customer493@mail.com,sold,Millet,2023-09-28,2023-12-20,22,550,83,38,2312.93,partial,43,0,2023-12-20,-2312.93
1425,Customer_1425,customer1425@mail.com,stored,Wheat,2023-12-08,2024-02-01,26,1300,55,51,2431.0,partial,32,41600,2024-02-01,39169.0
1463,Customer_1463,customer1463@mail.com,stored,Sorghum,2024-01-22,2024-04-28,56,1400,97,28,5069.87,no,34,0,2024-04-28,-5069.87
321,Customer_321,customer321@mail.com,storing,Maize,2024-07-15,2024-11-28,61,1525,136,44,12167.47,partial,36,54900,2024-11-28,42732.53
1127,Customer_1127,customer1127@mail.com,storing,Wheat,2023-12-16,2024-04-22,17,850,128,44,3191.47,yes,52,44200,2024-04-22,41008.53
56,Customer_56,customer56@mail.com,storing,Barley,2024-04-10,2024-05-07,31,1550,27,22,613.8,yes,37,57350,2024-05-07,56736.2
1879,Customer_1879,customer1879@mail.com,sold,Maize,2023-10-06,2023-10-23,162,4050,17,55,5049.0,partial,51,0,2023-10-23,-5049.0
991,Customer_991,customer991@mail.com,stored,Sorghum,2023-05-13,2023-10-12,15,375,152,35,2660.0,yes,35,0,2023-10-12,-2660.0
1822,Customer_1822,customer1822@mail.com,storing,Barley,2024-07-09,2024-12-22,30,750,166,29,4814.0,partial,51,38250,2024-12-22,33436.0
329,Customer_329,customer329@mail.com,sold,Wheat,2023-01-05,2023-05-30,64,1600,145,45,13920.0,partial,39,62400,2023-05-30,48480.0
1056,Customer_1056,customer1056@mail.com,storing,Rice,2023-04-28,2023-07-10,94,2350,73,48,10979.2,partial,49,0,2023-07-10,-10979.2
618,Customer_618,customer618@mail.com,storing,Wheat,2024-07-29,2024-12-05,177,4425,129,27,20549.7,partial,39,0,2024-12-05,-20549.7
1048,Customer_1048,customer1048@mail.com,stored,Millet,2023-09-30,2023-11-28,36,1800,59,37,2619.6,no,39,0,2023-11-28,-2619.6
70,Customer_70,customer70@mail.com,stored,Maize,2024-05-11,2024-07-01,148,7400,51,33,8302.8,yes,29,0,2024-07-01,-8302.8
1001,Customer_1001,customer1001@mail.com,stored,Sorghum,2024-08-09,2025-01-13,192,9600,157,44,44211.2,yes,32,0,2025-01-13,-44211.2
1356,Customer_1356,customer1356@mail.com,stored,Sorghum,2024-06-21,2024-10-13,194,9700,114,27,19904.4,no,47,455900,2024-10-13,435995.6
1816,Customer_1816,customer1816@mail.com,sold,Wheat,2023-04-12,2023-09-16,115,2875,157,43,25878.83,yes,34,0,2023-09-16,-25878.83
316,Customer_316,customer316@mail.com,storing,Wheat,2024-08-03,2024-12-14,104,2600,133,36,16598.4,yes,41,0,2024-12-14,-16598.4
1683,Customer_1683,customer1683@mail.com,sold,Wheat,2024-01-15,2024-03-22,116,2900,67,43,11139.87,yes,50,145000,2024-03-22,133860.13
701,Customer_701,customer701@mail.com,stored,Wheat,2023-08-29,2024-01-25,47,1175,149,43,10037.63,no,48,0,2024-01-25,-10037.63
1151,Customer_1151,customer1151@mail.com,stored,Millet,2024-01-25,2024-05-22,170,4250,118,39,26078.0,no,48,0,2024-05-22,-26078.0
893,Customer_893,customer893@mail.com,sold,Wheat,2023-10-21,2024-01-08,89,2225,79,37,8671.57,yes,50,0,2024-01-08,-8671.57
171,Customer_171,customer171@mail.com,sold,Sorghum,2023-08-13,2023-10-21,29,725,69,22,1467.4,yes,30,21750,2023-10-21,20282.6
1995,Customer_1995,customer1995@mail.com,stored,Maize,2023-08-31,2024-02-16,167,8350,169,37,34808.37,yes,42,350700,2024-02-16,315891.63
1414,Customer_1414,customer1414@mail.com,stored,Maize,2024-01-26,2024-06-03,182,4550,129,47,36782.2,partial,45,204750,2024-06-03,167967.8
947,Customer_947,customer947@mail.com,sold,Millet,2023-03-30,2023-05-24,72,3600,55,55,7260.0,partial,38,136800,2023-05-24,129540.0
1243,Customer_1243,customer1243@mail.com,sold,Rice,2024-03-20,2024-06-30,93,4650,102,53,16758.6,yes,53,0,2024-06-30,-16758.6
1558,Customer_1558,customer1558@mail.com,storing,Rice,2024-06-23,2024-10-25,139,6950,124,49,28152.13,partial,45,312750,2024-10-25,284597.87
692,Customer_692,customer692@mail.com,storing,Sorghum,2023-06-28,2023-11-20,137,6850,145,56,37081.33,no,28,191800,2023-11-20,154718.67
1749,Customer_1749,customer1749@mail.com,storing,Sorghum,2024-06-04,2024-11-12,92,4600,161,44,21724.27,partial,36,165600,2024-11-12,143875.73
29,Customer_29,customer29@mail.com,storing,Rice,2024-08-07,2024-10-02,105,5250,56,28,5488.0,yes,54,283500,2024-10-02,278012.0
1769,Customer_1769,customer1769@mail.com,stored,Maize,2024-07-13,2024-08-05,165,4125,23,43,5439.5,yes,44,181500,2024-08-05,176060.5
329,Customer_329,customer329@mail.com,stored,Rice,2023-04-04,2023-06-17,112,2800,74,49,13537.07,no,37,103600,2023-06-17,90062.93
1297,Customer_1297,customer1297@mail.com,stored,Millet,2024-02-05,2024-05-11,117,2925,96,35,13104.0,no,41,0,2024-05-11,-13104.0
1078,Customer_1078,customer1078@mail.com,storing,Wheat,2023-01-29,2023-06-22,91,2275,144,48,20966.4,no,26,0,2023-06-22,-20966.4
1522,Customer_1522,customer1522@mail.com,stored,Barley,2023-07-31,2023-12-11,151,3775,133,59,39496.57,partial,34,0,2023-12-11,-39496.57
1641,Customer_1641,customer1641@mail.com,stored,Wheat,2024-06-28,2024-08-28,75,1875,61,36,5490.0,yes,29,54375,2024-08-28,48885.0
667,Customer_667,customer667@mail.com,sold,Barley,2023-11-01,2024-02-02,78,3900,93,36,8704.8,partial,51,0,2024-02-02,-8704.8
872,Customer_872,customer872@mail.com,sold,Millet,2024-04-12,2024-09-30,132,6600,171,48,36115.2,no,25,165000,2024-09-30,128884.8
256,Customer_256,customer256@mail.com,stored,Wheat,2024-07-31,2024-09-09,74,1850,40,42,4144.0,yes,47,86950,2024-09-09,82806.0
57,Customer_57,customer57@mail.com,stored,Sorghum,2023-11-25,2024-04-26,73,1825,153,38,14147.4,yes,46,0,2024-04-26,-14147.4
1692,Customer_1692,customer1692@mail.com,sold,Sorghum,2023-08-17,2023-09-29,169,4225,43,31,7509.23,yes,50,0,2023-09-29,-7509.23
1660,Customer_1660,customer1660@mail.com,storing,Millet,2023-03-25,2023-04-04,127,6350,10,52,2201.33,yes,43,0,2023-04-04,-2201.33
1583,Customer_1583,customer1583@mail.com,sold,Rice,2024-08-15,2024-10-27,89,4450,73,48,10395.2,yes,37,164650,2024-10-27,154254.8
1989,Customer_1989,customer1989@mail.com,sold,Rice,2023-04-07,2023-09-26,183,9150,172,41,43017.2,yes,50,457500,2023-09-26,414482.8
612,Customer_612,customer612@mail.com,storing,Maize,2023-07-04,2023-08-26,20,500,53,40,1413.33,no,50,0,2023-08-26,-1413.33
439,Customer_439,customer439@mail.com,sold,Millet,2024-04-03,2024-05-22,55,1375,49,45,4042.5,partial,46,63250,2024-05-22,59207.5
988,Customer_988,customer988@mail.com,storing,Maize,2024-06-20,2024-08-23,131,6550,64,45,12576.0,no,33,216150,2024-08-23,203574.0
1592,Customer_1592,customer1592@mail.com,stored,Rice,2023-06-04,2023-06-22,151,3775,18,43,3895.8,yes,28,105700,2023-06-22,101804.2
184,Customer_184,customer184@mail.com,storing,Wheat,2023-05-29,2023-10-11,15,375,135,32,2160.0,no,36,13500,2023-10-11,11340.0
1004,Customer_1004,customer1004@mail.com,storing,Barley,2023-09-26,2023-12-30,177,8850,95,36,20178.0,no,26,0,2023-12-30,-20178.0
679,Customer_679,customer679@mail.com,storing,Wheat,2024-03-14,2024-07-03,30,750,111,38,4218.0,partial,55,41250,2024-07-03,37032.0
1803,Customer_1803,customer1803@mail.com,stored,Maize,2024-06-14,2024-07-08,140,7000,24,57,6384.0,no,27,0,2024-07-08,-6384.0
477,Customer_477,customer477@mail.com,stored,Barley,2023-06-16,2023-08-15,158,7900,60,36,11376.0,yes,54,426600,2023-08-15,415224.0
704,Customer_704,customer704@mail.com,stored,Rice,2023-07-08,2023-11-11,93,4650,126,51,19920.6,yes,29,0,2023-11-11,-19920.6
45,Customer_45,customer45@mail.com,storing,Wheat,2024-07-01,2024-11-08,157,7850,130,50,34016.67,partial,44,0,2024-11-08,-34016.67
894,Customer_894,customer894@mail.com,sold,Barley,2023-03-27,2023-08-02,178,8900,128,45,34176.0,partial,30,267000,2023-08-02,232824.0
890,Customer_890,customer890@mail.com,storing,Millet,2023-04-15,2023-08-20,139,6950,127,47,27656.37,no,29,201550,2023-08-20,173893.63
1936,Customer_1936,customer1936@mail.com,storing,Rice,2024-04-13,2024-09-05,176,4400,145,40,34026.67,no,49,215600,2024-09-05,181573.33
330,Customer_330,customer330@mail.com,storing,Sorghum,2024-04-18,2024-07-20,80,2000,93,26,6448.0,partial,38,76000,2024-07-20,69552.0
1656,Customer_1656,customer1656@mail.com,sold,Sorghum,2023-09-12,2023-09-23,187,9350,11,51,3496.9,yes,51,0,2023-09-23,-3496.9
110,Customer_110,customer110@mail.com,stored,Sorghum,2024-04-23,2024-08-07,102,5100,106,22,7928.8,no,47,239700,2024-08-07,231771.2
515,Customer_515,customer515@mail.com,stored,Barley,2024-08-05,2024-11-17,102,2550,104,48,16972.8,yes,38,96900,2024-11-17,79927.2
127,Customer_127,customer127@mail.com,stored,Millet,2023-05-11,2023-08-29,134,6700,110,31,15231.33,no,37,0,2023-08-29,-15231.33
1630,Customer_1630,customer1630@mail.com,stored,Sorghum,2023-09-12,2023-12-18,175,8750,97,20,11316.67,no,53,463750,2023-12-18,452433.33
1259,Customer_1259,customer1259@mail.com,sold,Millet,2023-04-16,2023-09-05,104,2600,142,25,12306.67,yes,50,0,2023-09-05,-12306.67
1447,Customer_1447,customer1447@mail.com,sold,Barley,2023-08-13,2023-10-31,164,8200,79,39,16842.8,partial,29,0,2023-10-31,-16842.8
950,Customer_950,customer950@mail.com,storing,Sorghum,2024-01-12,2024-04-06,36,900,85,29,2958.0,partial,39,0,2024-04-06,-2958.0
553,Customer_553,customer553@mail.com,sold,Barley,2023-02-09,2023-04-09,178,8900,59,21,7351.4,partial,38,338200,2023-04-09,330848.6
1933,Customer_1933,customer1933@mail.com,sold,Rice,2023-08-28,2024-02-01,53,2650,157,52,14423.07,no,30,0,2024-02-01,-14423.07
473,Customer_473,customer473@mail.com,stored,Millet,2024-05-12,2024-05-22,183,4575,10,42,2562.0,partial,43,0,2024-05-22,-2562.0
190,Customer_190,customer190@mail.com,storing,Millet,2024-05-15,2024-09-19,160,4000,127,49,33189.33,no,40,160000,2024-09-19,126810.67
1140,Customer_1140,customer1140@mail.com,sold,Barley,2024-03-23,2024-04-25,100,5000,33,36,3960.0,partial,30,150000,2024-04-25,146040.0
310,Customer_310,customer310@mail.com,sold,Wheat,2023-01-23,2023-05-17,49,2450,114,22,4096.4,no,48,0,2023-05-17,-4096.4
132,Customer_132,customer132@mail.com,stored,Wheat,2023-09-30,2023-12-10,21,525,71,39,1938.3,yes,41,0,2023-12-10,-1938.3
1799,Customer_1799,customer1799@mail.com,sold,Rice,2024-07-29,2024-08-18,131,3275,20,36,3144.0,partial,35,114625,2024-08-18,111481.0
595,Customer_595,customer595@mail.com,sold,Sorghum,2023-03-22,2023-08-04,79,1975,135,55,19552.5,partial,49,96775,2023-08-04,77222.5
1345,Customer_1345,customer1345@mail.com,sold,Millet,2023-05-12,2023-07-24,111,5550,73,25,6752.5,yes,35,194250,2023-07-24,187497.5
432,Customer_432,customer432@mail.com,storing,Rice,2023-12-24,2024-01-05,46,1150,12,44,809.6,yes,28,32200,2024-01-05,31390.4
468,Customer_468,customer468@mail.com,sold,Wheat,2023-12-17,2024-05-27,197,9850,162,47,49998.6,no,27,265950,2024-05-27,215951.4
1541,Customer_1541,customer1541@mail.com,sold,Wheat,2024-05-21,2024-09-25,162,8100,127,20,13716.0,partial,31,0,2024-09-25,-13716.0
1876,Customer_1876,customer1876@mail.com,stored,Rice,2023-07-09,2023-10-01,181,4525,84,42,21285.6,yes,39,176475,2023-10-01,155189.4
382,Customer_382,customer382@mail.com,stored,Sorghum,2023-12-31,2024-05-01,139,3475,122,48,27132.8,partial,55,191125,2024-05-01,163992.2
1717,Customer_1717,customer1717@mail.com,stored,Millet,2024-01-30,2024-07-22,178,8900,174,37,38198.8,yes,25,0,2024-07-22,-38198.8
1984,Customer_1984,customer1984@mail.com,sold,Maize,2023-12-03,2024-04-01,157,3925,120,26,16328.0,no,38,0,2024-04-01,-16328.0
1761,Customer_1761,customer1761@mail.com,sold,Maize,2023-05-15,2023-05-26,84,2100,11,35,1078.0,no,34,71400,2023-05-26,70322.0
1020,Customer_1020,customer1020@mail.com,storing,Millet,2024-03-16,2024-04-02,176,8800,17,37,3690.13,yes,41,0,2024-04-02,-3690.13
625,Customer_625,customer625@mail.com,storing,Wheat,2023-02-14,2023-06-03,43,1075,109,29,4530.77,partial,39,0,2023-06-03,-4530.77
1454,Customer_1454,customer1454@mail.com,sold,Sorghum,2024-01-31,2024-05-13,128,6400,103,47,20654.93,partial,29,0,2024-05-13,-20654.93
197,Customer_197,customer197@mail.com,storing,Maize,2023-09-13,2023-12-23,84,4200,101,46,13008.8,yes,54,226800,2023-12-23,213791.2
132,Customer_132,customer132@mail.com,sold,Barley,2024-08-06,2025-01-31,166,4150,178,46,45306.93,yes,45,0,2025-01-31,-45306.93
87,Customer_87,customer87@mail.com,sold,Millet,2023-10-01,2023-11-08,126,3150,38,34,5426.4,yes,29,91350,2023-11-08,85923.6
1209,Customer_1209,customer1209@mail.com,stored,Sorghum,2024-07-26,2024-11-01,199,4975,98,33,21452.2,partial,43,0,2024-11-01,-21452.2
1686,Customer_1686,customer1686@mail.com,storing,Wheat,2024-03-27,2024-04-23,40,2000,27,55,1980.0,no,54,108000,2024-04-23,106020.0
1557,Customer_1557,customer1557@mail.com,stored,Rice,2023-05-19,2023-10-20,89,4450,154,30,13706.0,yes,33,0,2023-10-20,-13706.0
155,Customer_155,customer155@mail.com,sold,Rice,2024-06-07,2024-09-30,67,1675,115,42,10787.0,no,48,80400,2024-09-30,69613.0
1520,Customer_1520,customer1520@mail.com,sold,Wheat,2023-10-14,2023-11-09,55,1375,26,54,2574.0,no,29,0,2023-11-09,-2574.0
1611,Customer_1611,customer1611@mail.com,stored,Barley,2024-07-16,2024-09-01,17,425,47,20,532.67,yes,41,17425,2024-09-01,16892.33
1362,Customer_1362,customer1362@mail.com,storing,Wheat,2024-06-12,2024-12-02,56,2800,173,36,11625.6,no,43,120400,2024-12-02,108774.4
1428,Customer_1428,customer1428@mail.com,sold,Millet,2024-01-17,2024-04-19,42,2100,93,58,7551.6,partial,49,102900,2024-04-19,95348.4
23,Customer_23,customer23@mail.com,stored,Millet,2024-02-27,2024-06-11,91,4550,105,56,17836.0,yes,54,245700,2024-06-11,227864.0
61,Customer_61,customer61@mail.com,storing,Millet,2023-04-04,2023-07-19,74,3700,106,44,11504.53,yes,40,148000,2023-07-19,136495.47
867,Customer_867,customer867@mail.com,storing,Rice,2024-04-19,2024-08-27,75,1875,130,58,18850.0,yes,44,0,2024-08-27,-18850.0
1245,Customer_1245,customer1245@mail.com,stored,Rice,2024-08-22,2024-11-27,119,2975,97,46,17699.27,no,29,0,2024-11-27,-17699.27
874,Customer_874,customer874@mail.com,stored,Millet,2024-08-14,2024-12-24,137,3425,132,37,22303.6,no,40,137000,2024-12-24,114696.4
1786,Customer_1786,customer1786@mail.com,sold,Millet,2024-06-25,2024-09-18,142,7100,85,41,16495.67,partial,45,319500,2024-09-18,303004.33
186,Customer_186,customer186@mail.com,stored,Millet,2023-06-10,2023-12-05,183,4575,178,32,34745.6,no,52,0,2023-12-05,-34745.6
45,Customer_45,customer45@mail.com,stored,Barley,2023-05-07,2023-09-27,119,2975,143,26,14748.07,partial,46,136850,2023-09-27,122101.93
1819,Customer_1819,customer1819@mail.com,sold,Wheat,2023-08-03,2023-10-22,66,3300,80,27,4752.0,partial,44,145200,2023-10-22,140448.0
657,Customer_657,customer657@mail.com,storing,Rice,2023-03-22,2023-08-25,51,2550,156,23,6099.6,no,29,73950,2023-08-25,67850.4
128,Customer_128,customer128@mail.com,storing,Wheat,2023-08-19,2023-09-22,21,1050,34,50,1190.0,yes,55,57750,2023-09-22,56560.0
1185,Customer_1185,customer1185@mail.com,stored,Wheat,2024-07-20,2025-01-10,15,375,174,32,2784.0,no,25,0,2025-01-10,-2784.0
873,Customer_873,customer873@mail.com,storing,Barley,2023-11-22,2023-12-17,168,8400,25,35,4900.0,yes,52,436800,2023-12-17,431900.0
1402,Customer_1402,customer1402@mail.com,stored,Barley,2024-02-26,2024-06-25,84,2100,120,28,9408.0,no,35,0,2024-06-25,-9408.0
1202,Customer_1202,customer1202@mail.com,stored,Barley,2024-03-23,2024-07-08,49,1225,107,27,4718.7,no,54,66150,2024-07-08,61431.3
608,Customer_608,customer608@mail.com,storing,Wheat,2023-09-23,2023-11-27,39,975,65,36,3042.0,no,55,53625,2023-11-27,50583.0
689,Customer_689,customer689@mail.com,sold,Barley,2023-07-22,2023-10-08,184,4600,78,47,22484.8,yes,48,0,2023-10-08,-22484.8
61,Customer_61,customer61@mail.com,stored,Millet,2023-05-11,2023-10-23,104,2600,165,38,21736.0,yes,49,0,2023-10-23,-21736.0
333,Customer_333,customer333@mail.com,sold,Sorghum,2024-05-08,2024-06-08,141,7050,31,30,4371.0,partial,51,0,2024-06-08,-4371.0
946,Customer_946,customer946@mail.com,stored,Wheat,2024-07-13,2024-07-30,50,2500,17,39,1105.0,no,37,0,2024-07-30,-1105.0
1968,Customer_1968,customer1968@mail.com,sold,Maize,2023-07-29,2023-12-19,55,2750,143,58,15205.67,yes,47,129250,2023-12-19,114044.33
1728,Customer_1728,customer1728@mail.com,sold,Wheat,2023-05-25,2023-11-06,129,3225,165,45,31927.5,partial,48,0,2023-11-06,-31927.5
1832,Customer_1832,customer1832@mail.com,stored,Wheat,2024-01-22,2024-04-27,147,7350,96,36,16934.4,no,33,242550,2024-04-27,225615.6
1327,Customer_1327,customer1327@mail.com,stored,Maize,2024-04-15,2024-06-25,91,2275,71,60,12922.0,partial,38,86450,2024-06-25,73528.0
723,Customer_723,customer723@mail.com,stored,Millet,2024-02-13,2024-06-18,158,7900,126,33,21898.8,no,50,395000,2024-06-18,373101.2
1782,Customer_1782,customer1782@mail.com,stored,Wheat,2024-02-11,2024-04-12,30,1500,61,46,2806.0,partial,50,75000,2024-04-12,72194.0
496,Customer_496,customer496@mail.com,storing,Wheat,2023-03-30,2023-04-12,94,4700,13,41,1670.07,no,42,197400,2023-04-12,195729.93
753,Customer_753,customer753@mail.com,storing,Rice,2023-07-27,2023-11-14,179,4475,110,57,37411.0,yes,26,116350,2023-11-14,78939.0
664,Customer_664,customer664@mail.com,sold,Wheat,2023-12-12,2024-04-09,40,1000,119,25,3966.67,yes,25,0,2024-04-09,-3966.67
919,Customer_919,customer919@mail.com,sold,Millet,2023-12-22,2024-04-27,17,425,127,54,3886.2,no,54,22950,2024-04-27,19063.8
1216,Customer_1216,customer1216@mail.com,stored,Wheat,2024-08-02,2024-11-17,68,3400,107,23,5578.27,yes,29,98600,2024-11-17,93021.73
1839,Customer_1839,customer1839@mail.com,stored,Wheat,2023-07-31,2023-12-17,97,2425,139,59,26516.57,yes,39,0,2023-12-17,-26516.57
1869,Customer_1869,customer1869@mail.com,sold,Maize,2023-09-04,2023-11-30,32,1600,87,55,5104.0,yes,43,68800,2023-11-30,63696.0
309,Customer_309,customer309@mail.com,storing,Rice,2023-10-23,2024-04-20,11,550,180,55,3630.0,partial,51,0,2024-04-20,-3630.0
160,Customer_160,customer160@mail.com,sold,Rice,2024-01-21,2024-07-07,23,575,168,36,4636.8,no,54,0,2024-07-07,-4636.8
1646,Customer_1646,customer1646@mail.com,sold,Maize,2023-05-19,2023-06-12,76,3800,24,57,3465.6,partial,33,125400,2023-06-12,121934.4
1206,Customer_1206,customer1206@mail.com,stored,Sorghum,2024-08-10,2025-02-04,31,1550,178,55,10116.33,partial,44,68200,2025-02-04,58083.67
1656,Customer_1656,customer1656@mail.com,storing,Barley,2023-10-28,2024-04-16,56,1400,171,42,13406.4,partial,55,77000,2024-04-16,63593.6
1351,Customer_1351,customer1351@mail.com,stored,Rice,2024-07-13,2024-10-06,47,1175,85,47,6258.83,no,30,35250,2024-10-06,28991.17
1929,Customer_1929,customer1929@mail.com,storing,Barley,2023-10-03,2024-03-08,192,4800,157,53,53254.4,partial,31,0,2024-03-08,-53254.4
1365,Customer_1365,customer1365@mail.com,sold,Rice,2023-02-22,2023-03-15,31,1550,21,26,564.2,partial,38,0,2023-03-15,-564.2
1850,Customer_1850,customer1850@mail.com,storing,Barley,2024-07-22,2024-11-17,130,3250,118,51,26078.0,partial,47,152750,2024-11-17,126672.0
1569,Customer_1569,customer1569@mail.com,storing,Wheat,2023-03-11,2023-08-20,65,1625,162,56,19656.0,partial,54,87750,2023-08-20,68094.0
522,Customer_522,customer522@mail.com,sold,Sorghum,2024-08-12,2025-01-31,168,8400,172,41,39491.2,yes,40,0,2025-01-31,-39491.2
1520,Customer_1520,customer1520@mail.com,stored,Sorghum,2024-07-08,2024-08-15,45,2250,38,43,2451.0,no,50,0,2024-08-15,-2451.0
532,Customer_532,customer532@mail.com,sold,Sorghum,2023-06-17,2023-11-06,185,4625,142,39,34151.0,partial,35,161875,2023-11-06,127724.0
771,Customer_771,customer771@mail.com,sold,Wheat,2023-02-13,2023-05-07,78,1950,83,35,7553.0,no,54,0,2023-05-07,-7553.0
1004,Customer_1004,customer1004@mail.com,sold,Rice,2023-12-09,2024-01-25,125,3125,47,54,10575.0,yes,51,159375,2024-01-25,148800.0
1692,Customer_1692,customer1692@mail.com,stored,Wheat,2023-06-05,2023-07-03,150,7500,28,58,8120.0,partial,44,330000,2023-07-03,321880.0
18,Customer_18,customer18@mail.com,storing,Rice,2024-07-18,2024-09-19,199,9950,63,55,22984.5,no,49,487550,2024-09-19,464565.5
1357,Customer_1357,customer1357@mail.com,sold,Barley,2023-08-13,2023-12-06,79,1975,115,57,17261.5,no,26,0,2023-12-06,-17261.5
543,Customer_543,customer543@mail.com,stored,Millet,2024-01-27,2024-04-05,109,5450,69,59,14791.3,no,46,250700,2024-04-05,235908.7
1574,Customer_1574,customer1574@mail.com,storing,Sorghum,2023-05-17,2023-07-27,76,1900,71,20,3597.33,no,44,83600,2023-07-27,80002.67
1467,Customer_1467,customer1467@mail.com,stored,Rice,2023-12-06,2024-02-29,181,9050,85,45,23077.5,yes,36,0,2024-02-29,-23077.5
1322,Customer_1322,customer1322@mail.com,sold,Rice,2023-05-03,2023-08-24,136,3400,113,21,10757.6,no,50,0,2023-08-24,-10757.6
1103,Customer_1103,customer1103@mail.com,stored,Sorghum,2023-12-23,2024-03-23,200,5000,91,37,22446.67,no,33,165000,2024-03-23,142553.33
550,Customer_550,customer550@mail.com,sold,Barley,2023-02-07,2023-04-30,48,1200,82,59,7740.8,no,30,0,2023-04-30,-7740.8
1565,Customer_1565,customer1565@mail.com,storing,Wheat,2024-04-25,2024-07-25,73,1825,91,44,9743.07,yes,54,0,2024-07-25,-9743.07
825,Customer_825,customer825@mail.com,stored,Rice,2024-08-22,2024-10-24,192,4800,63,56,22579.2,no,36,172800,2024-10-24,150220.8
1301,Customer_1301,customer1301@mail.com,storing,Millet,2024-02-28,2024-06-17,140,7000,110,52,26693.33,yes,26,182000,2024-06-17,155306.67
926,Customer_926,customer926@mail.com,stored,Sorghum,2023-09-17,2023-11-14,195,4875,58,31,11687.0,yes,27,0,2023-11-14,-11687.0
1793,Customer_1793,customer1793@mail.com,sold,Sorghum,2024-06-09,2024-11-27,123,3075,171,37,25940.7,no,39,119925,2024-11-27,93984.3
527,Customer_527,customer527@mail.com,stored,Barley,2024-07-26,2024-09-09,104,5200,45,50,7800.0,partial,45,0,2024-09-09,-7800.0
1193,Customer_1193,customer1193@mail.com,stored,Wheat,2023-12-05,2024-05-15,89,4450,162,22,10573.2,partial,29,129050,2024-05-15,118476.8
1939,Customer_1939,customer1939@mail.com,sold,Sorghum,2023-05-20,2023-11-09,123,3075,173,24,17023.2,no,38,0,2023-11-09,-17023.2
75,Customer_75,customer75@mail.com,stored,Barley,2023-08-17,2023-11-15,130,3250,90,56,21840.0,no,37,0,2023-11-15,-21840.0
288,Customer_288,customer288@mail.com,stored,Barley,2023-06-22,2023-09-24,164,4100,94,28,14388.27,partial,52,0,2023-09-24,-14388.27
1326,Customer_1326,customer1326@mail.com,stored,Wheat,2024-04-12,2024-07-25,18,900,104,40,2496.0,yes,51,0,2024-07-25,-2496.0
87,Customer_87,customer87@mail.com,stored,Barley,2023-06-07,2023-07-12,43,1075,35,35,1755.83,yes,34,36550,2023-07-12,34794.17
1624,Customer_1624,customer1624@mail.com,sold,Maize,2024-05-01,2024-08-27,132,3300,118,42,21806.4,no,47,0,2024-08-27,-21806.4
292,Customer_292,customer292@mail.com,stored,Sorghum,2023-03-12,2023-05-14,191,4775,63,55,22060.5,no,27,128925,2023-05-14,106864.5
892,Customer_892,customer892@mail.com,sold,Maize,2024-04-01,2024-04-18,40,1000,17,43,974.67,yes,35,35000,2024-04-18,34025.33
926,Customer_926,customer926@mail.com,stored,Rice,2023-06-21,2023-08-09,133,3325,49,57,12382.3,no,44,0,2023-08-09,-12382.3
1349,Customer_1349,customer1349@mail.com,storing,Millet,2023-07-31,2023-11-23,24,1200,115,45,4140.0,no,41,49200,2023-11-23,45060.0
588,Customer_588,customer588@mail.com,stored,Millet,2024-04-21,2024-10-07,50,2500,169,41,11548.33,no,41,102500,2024-10-07,90951.67
335,Customer_335,customer335@mail.com,sold,Sorghum,2023-02-18,2023-03-04,197,9850,14,49,4504.73,partial,48,472800,2023-03-04,468295.27
1029,Customer_1029,customer1029@mail.com,stored,Maize,2023-05-02,2023-07-03,179,4475,62,25,9248.33,yes,27,120825,2023-07-03,111576.67
1301,Customer_1301,customer1301@mail.com,sold,Maize,2023-07-27,2023-09-25,73,3650,60,21,3066.0,yes,49,0,2023-09-25,-3066.0
1492,Customer_1492,customer1492@mail.com,storing,Rice,2024-06-20,2024-09-02,151,3775,74,31,11546.47,yes,53,0,2024-09-02,-11546.47
299,Customer_299,customer299@mail.com,storing,Barley,2024-03-01,2024-03-27,49,1225,26,24,1019.2,partial,40,0,2024-03-27,-1019.2
1238,Customer_1238,customer1238@mail.com,sold,Sorghum,2024-04-24,2024-06-23,66,1650,60,54,7128.0,partial,48,79200,2024-06-23,72072.0
110,Customer_110,customer110@mail.com,stored,Barley,2024-08-09,2025-01-16,83,4150,160,50,22133.33,yes,45,186750,2025-01-16,164616.67
1467,Customer_1467,customer1467@mail.com,sold,Wheat,2024-06-22,2024-09-20,85,2125,90,60,15300.0,no,54,114750,2024-09-20,99450.0
1002,Customer_1002,customer1002@mail.com,storing,Rice,2023-05-07,2023-07-22,33,825,76,27,2257.2,yes,29,0,2023-07-22,-2257.2
1666,Customer_1666,customer1666@mail.com,storing,Barley,2024-08-08,2024-11-09,165,4125,93,48,24552.0,no,34,0,2024-11-09,-24552.0
1773,Customer_1773,customer1773@mail.com,storing,Maize,2023-04-15,2023-04-27,14,350,12,21,117.6,no,31,0,2023-04-27,-117.6
346,Customer_346,customer346@mail.com,storing,Maize,2024-02-10,2024-04-04,168,4200,54,29,8769.6,no,29,0,2024-04-04,-8769.6
364,Customer_364,customer364@mail.com,sold,Barley,2023-04-24,2023-08-24,168,8400,122,43,29377.6,partial,41,344400,2023-08-24,315022.4
1807,Customer_1807,customer1807@mail.com,sold,Wheat,2023-10-28,2024-02-14,130,3250,109,39,18421.0,yes,34,110500,2024-02-14,92079.0
902,Customer_902,customer902@mail.com,stored,Barley,2024-04-25,2024-09-10,77,3850,138,56,19835.2,yes,55,211750,2024-09-10,191914.8
107,Customer_107,customer107@mail.com,sold,Barley,2024-04-24,2024-07-28,66,1650,95,28,5852.0,yes,44,0,2024-07-28,-5852.0
1989,Customer_1989,customer1989@mail.com,sold,Sorghum,2024-04-26,2024-05-10,123,6150,14,23,1320.2,no,46,282900,2024-05-10,281579.8
157,Customer_157,customer157@mail.com,stored,Barley,2024-01-17,2024-07-10,47,1175,175,47,12885.83,no,26,0,2024-07-10,-12885.83
258,Customer_258,customer258@mail.com,storing,Barley,2023-06-04,2023-11-22,150,3750,171,46,39330.0,partial,49,183750,2023-11-22,144420.0
298,Customer_298,customer298@mail.com,sold,Sorghum,2024-03-03,2024-07-12,22,1100,131,41,3938.73,no,49,53900,2024-07-12,49961.27
1427,Customer_1427,customer1427@mail.com,sold,Maize,2023-06-07,2023-10-17,199,4975,132,47,41153.2,no,41,203975,2023-10-17,162821.8
294,Customer_294,customer294@mail.com,sold,Wheat,2024-01-10,2024-06-11,80,4000,153,38,15504.0,yes,45,180000,2024-06-11,164496.0
1301,Customer_1301,customer1301@mail.com,stored,Maize,2023-05-29,2023-07-23,121,3025,55,56,12422.67,yes,43,0,2023-07-23,-12422.67
809,Customer_809,customer809@mail.com,stored,Sorghum,2024-01-27,2024-04-05,151,3775,69,36,12502.8,partial,41,154775,2024-04-05,142272.2
1256,Customer_1256,customer1256@mail.com,storing,Maize,2023-11-15,2024-02-03,32,800,80,48,4096.0,partial,28,0,2024-02-03,-4096.0
763,Customer_763,customer763@mail.com,stored,Millet,2023-02-23,2023-04-28,144,7200,64,58,17817.6,partial,30,0,2023-04-28,-17817.6
1408,Customer_1408,customer1408@mail.com,sold,Millet,2024-01-24,2024-05-24,133,6650,121,56,30040.27,no,34,0,2024-05-24,-30040.27
468,Customer_468,customer468@mail.com,storing,Millet,2024-05-31,2024-08-13,116,2900,74,49,14020.53,no,54,156600,2024-08-13,142579.47
34,Customer_34,customer34@mail.com,sold,Maize,2024-05-18,2024-10-25,13,325,160,59,4090.67,yes,43,0,2024-10-25,-4090.67
1878,Customer_1878,customer1878@mail.com,storing,Millet,2024-04-22,2024-07-31,167,8350,100,30,16700.0,no,46,0,2024-07-31,-16700.0
632,Customer_632,customer632@mail.com,storing,Maize,2023-05-13,2023-10-10,58,2900,150,27,7830.0,partial,37,107300,2023-10-10,99470.0
927,Customer_927,customer927@mail.com,sold,Millet,2024-01-07,2024-06-28,159,3975,173,38,34842.2,no,53,0,2024-06-28,-34842.2
1255,Customer_1255,customer1255@mail.com,storing,Wheat,2023-03-21,2023-04-26,153,7650,36,38,6976.8,partial,51,390150,2023-04-26,383173.2
747,Customer_747,customer747@mail.com,stored,Maize,2023-11-27,2024-04-19,177,8850,144,44,37382.4,no,53,0,2024-04-19,-37382.4
265,Customer_265,customer265@mail.com,stored,Millet,2024-02-19,2024-04-19,21,525,60,47,1974.0,partial,27,14175,2024-04-19,12201.0
1644,Customer_1644,customer1644@mail.com,stored,Maize,2024-01-13,2024-03-22,160,4000,69,26,9568.0,no,30,0,2024-03-22,-9568.0
1314,Customer_1314,customer1314@mail.com,storing,Wheat,2023-01-15,2023-06-19,127,3175,155,20,13123.33,yes,42,133350,2023-06-19,120226.67
957,Customer_957,customer957@mail.com,stored,Wheat,2023-04-01,2023-08-22,13,325,143,26,1611.13,partial,51,16575,2023-08-22,14963.87
452,Customer_452,customer452@mail.com,sold,Rice,2023-05-26,2023-08-09,183,9150,75,31,14182.5,partial,30,274500,2023-08-09,260317.5
525,Customer_525,customer525@mail.com,stored,Rice,2024-04-24,2024-06-13,195,4875,50,57,18525.0,partial,37,180375,2024-06-13,161850.0
9,Customer_9,customer9@mail.com,storing,Maize,2023-02-19,2023-08-01,98,2450,163,46,24493.47,yes,33,0,2023-08-01,-24493.47
416,Customer_416,customer416@mail.com,sold,Maize,2024-07-31,2024-12-10,112,2800,132,40,19712.0,yes,36,100800,2024-12-10,81088.0
820,Customer_820,customer820@mail.com,stored,Millet,2023-02-12,2023-07-12,142,3550,150,59,41890.0,partial,31,110050,2023-07-12,68160.0
1531,Customer_1531,customer1531@mail.com,storing,Millet,2023-06-30,2023-12-06,12,300,159,23,1462.8,no,45,0,2023-12-06,-1462.8
815,Customer_815,customer815@mail.com,sold,Wheat,2023-01-18,2023-06-30,177,8850,163,50,48085.0,yes,47,0,2023-06-30,-48085.0
804,Customer_804,customer804@mail.com,storing,Wheat,2023-12-14,2024-05-15,158,3950,153,24,19339.2,partial,53,209350,2024-05-15,190010.8
1118,Customer_1118,customer1118@mail.com,storing,Sorghum,2023-10-05,2023-11-29,73,3650,55,52,6959.33,partial,25,91250,2023-11-29,84290.67
458,Customer_458,customer458@mail.com,storing,Wheat,2024-02-09,2024-08-03,155,7750,176,47,42738.67,partial,27,209250,2024-08-03,166511.33
106,Customer_106,customer106@mail.com,sold,Barley,2024-05-04,2024-08-22,82,4100,110,37,11124.67,yes,26,106600,2024-08-22,95475.33
1074,Customer_1074,customer1074@mail.com,storing,Sorghum,2023-10-24,2024-02-19,101,2525,118,47,18671.53,partial,39,0,2024-02-19,-18671.53
49,Customer_49,customer49@mail.com,sold,Millet,2023-03-16,2023-04-08,158,7900,23,29,3512.87,partial,25,197500,2023-04-08,193987.13
1030,Customer_1030,customer1030@mail.com,sold,Sorghum,2024-01-08,2024-04-19,136,3400,102,49,22657.6,partial,30,0,2024-04-19,-22657.6
738,Customer_738,customer738@mail.com,sold,Sorghum,2023-06-21,2023-12-11,188,9400,173,56,60711.47,partial,31,0,2023-12-11,-60711.47
1092,Customer_1092,customer1092@mail.com,sold,Barley,2024-04-26,2024-08-10,43,2150,106,48,7292.8,no,34,73100,2024-08-10,65807.2
694,Customer_694,customer694@mail.com,storing,Wheat,2024-07-24,2024-08-05,175,4375,12,48,3360.0,no,28,0,2024-08-05,-3360.0
1778,Customer_1778,customer1778@mail.com,storing,Rice,2024-03-22,2024-08-20,111,5550,151,43,24024.1,no,51,0,2024-08-20,-24024.1
1541,Customer_1541,customer1541@mail.com,sold,Maize,2023-02-05,2023-05-17,184,4600,101,25,15486.67,partial,38,0,2023-05-17,-15486.67
1304,Customer_1304,customer1304@mail.com,stored,Barley,2023-09-06,2024-01-24,196,9800,140,46,42074.67,no,37,0,2024-01-24,-42074.67
1462,Customer_1462,customer1462@mail.com,sold,Sorghum,2023-11-15,2024-02-29,66,1650,106,42,9794.4,no,45,0,2024-02-29,-9794.4
1398,Customer_1398,customer1398@mail.com,sold,Maize,2023-11-17,2024-04-25,154,3850,160,55,45173.33,no,52,200200,2024-04-25,155026.67
553,Customer_553,customer553@mail.com,stored,Barley,2024-03-29,2024-07-21,39,1950,114,37,5483.4,yes,54,105300,2024-07-21,99816.6
1615,Customer_1615,customer1615@mail.com,stored,Millet,2023-07-14,2023-09-05,89,2225,53,41,6446.57,partial,31,0,2023-09-05,-6446.57
1889,Customer_1889,customer1889@mail.com,storing,Rice,2024-02-03,2024-03-16,161,8050,42,56,12622.4,partial,37,297850,2024-03-16,285227.6
935,Customer_935,customer935@mail.com,storing,Rice,2023-12-31,2024-05-15,97,2425,136,21,9234.4,no,30,0,2024-05-15,-9234.4
46,Customer_46,customer46@mail.com,stored,Wheat,2024-07-10,2024-07-29,65,3250,19,25,1029.17,no,35,0,2024-07-29,-1029.17
1626,Customer_1626,customer1626@mail.com,sold,Barley,2023-01-07,2023-03-30,49,1225,82,28,3750.13,no,53,0,2023-03-30,-3750.13
309,Customer_309,customer309@mail.com,stored,Rice,2023-09-22,2024-02-29,61,3050,160,29,9434.67,yes,31,94550,2024-02-29,85115.33
903,Customer_903,customer903@mail.com,stored,Barley,2024-03-03,2024-05-01,127,3175,59,47,11739.03,no,36,114300,2024-05-01,102560.97
236,Customer_236,customer236@mail.com,storing,Maize,2023-10-26,2024-01-29,172,8600,95,31,16884.67,partial,51,438600,2024-01-29,421715.33
598,Customer_598,customer598@mail.com,sold,Wheat,2023-10-04,2023-11-25,24,1200,52,50,2080.0,yes,35,0,2023-11-25,-2080.0
1244,Customer_1244,customer1244@mail.com,storing,Rice,2024-05-18,2024-08-19,129,6450,93,24,9597.6,no,51,0,2024-08-19,-9597.6
1165,Customer_1165,customer1165@mail.com,stored,Barley,2024-08-11,2024-11-06,19,950,87,39,2148.9,no,55,52250,2024-11-06,50101.1
799,Customer_799,customer799@mail.com,stored,Wheat,2024-01-16,2024-06-06,17,425,142,59,4747.53,partial,27,0,2024-06-06,-4747.53
89,Customer_89,customer89@mail.com,stored,Millet,2024-07-06,2024-11-29,192,9600,146,27,25228.8,yes,36,345600,2024-11-29,320371.2
1210,Customer_1210,customer1210@mail.com,sold,Wheat,2024-06-29,2024-11-17,29,725,141,35,4770.5,yes,41,0,2024-11-17,-4770.5
1905,Customer_1905,customer1905@mail.com,storing,Millet,2023-12-17,2024-04-26,120,6000,131,38,19912.0,no,35,210000,2024-04-26,190088.0
1432,Customer_1432,customer1432@mail.com,stored,Millet,2023-11-15,2024-02-24,104,2600,101,22,7702.93,partial,53,0,2024-02-24,-7702.93
722,Customer_722,customer722@mail.com,stored,Sorghum,2024-07-27,2024-08-29,104,2600,33,45,5148.0,partial,33,0,2024-08-29,-5148.0
1538,Customer_1538,customer1538@mail.com,stored,Millet,2024-07-09,2024-11-10,121,6050,124,36,18004.8,partial,29,0,2024-11-10,-18004.8
1949,Customer_1949,customer1949@mail.com,sold,Rice,2024-05-30,2024-06-27,51,1275,28,39,1856.4,no,50,0,2024-06-27,-1856.4
219,Customer_219,customer219@mail.com,sold,Wheat,2024-03-31,2024-09-07,37,1850,160,56,11050.67,yes,40,74000,2024-09-07,62949.33
157,Customer_157,customer157@mail.com,stored,Millet,2023-08-07,2024-01-10,104,5200,156,51,27580.8,no,47,0,2024-01-10,-27580.8
1230,Customer_1230,customer1230@mail.com,stored,Wheat,2023-02-28,2023-08-05,17,425,158,58,5192.93,no,41,0,2023-08-05,-5192.93
1470,Customer_1470,customer1470@mail.com,sold,Maize,2024-03-09,2024-07-02,190,9500,115,56,40786.67,no,26,0,2024-07-02,-40786.67
1540,Customer_1540,customer1540@mail.com,storing,Millet,2023-08-20,2024-01-23,47,2350,156,50,12220.0,no,54,0,2024-01-23,-12220.0
1194,Customer_1194,customer1194@mail.com,stored,Millet,2024-05-16,2024-06-07,195,4875,22,22,3146.0,yes,46,0,2024-06-07,-3146.0
746,Customer_746,customer746@mail.com,storing,Wheat,2024-07-02,2024-08-21,59,2950,50,33,3245.0,no,43,0,2024-08-21,-3245.0
1653,Customer_1653,customer1653@mail.com,sold,Millet,2023-01-24,2023-05-12,110,5500,108,48,19008.0,partial,29,159500,2023-05-12,140492.0
73,Customer_73,customer73@mail.com,storing,Maize,2023-08-07,2023-12-17,10,250,132,48,2112.0,no,42,0,2023-12-17,-2112.0
944,Customer_944,customer944@mail.com,stored,Sorghum,2023-06-18,2023-11-29,101,5050,164,41,22637.47,no,39,0,2023-11-29,-22637.47
1697,Customer_1697,customer1697@mail.com,sold,Barley,2023-05-22,2023-09-12,36,900,113,40,5424.0,yes,42,37800,2023-09-12,32376.0
1387,Customer_1387,customer1387@mail.com,storing,Rice,2023-12-06,2024-05-07,66,3300,153,50,16830.0,yes,44,0,2024-05-07,-16830.0
1451,Customer_1451,customer1451@mail.com,storing,Wheat,2023-10-13,2023-11-04,15,750,22,23,253.0,no,53,0,2023-11-04,-253.0
1657,Customer_1657,customer1657@mail.com,sold,Wheat,2023-08-09,2023-11-06,79,1975,89,42,9843.4,yes,38,0,2023-11-06,-9843.4
1201,Customer_1201,customer1201@mail.com,sold,Barley,2024-01-05,2024-03-28,153,3825,83,31,13122.3,no,42,160650,2024-03-28,147527.7
633,Customer_633,customer633@mail.com,storing,Barley,2023-05-12,2023-10-07,114,2850,148,35,19684.0,yes,44,0,2023-10-07,-19684.0
1787,Customer_1787,customer1787@mail.com,storing,Maize,2024-01-21,2024-02-13,185,4625,23,21,2978.5,no,32,148000,2024-02-13,145021.5
1033,Customer_1033,customer1033@mail.com,storing,Millet,2024-01-16,2024-02-08,26,650,23,45,897.0,yes,34,22100,2024-02-08,21203.0
20,Customer_20,customer20@mail.com,sold,Sorghum,2024-06-17,2024-09-08,88,2200,83,38,9251.73,no,54,0,2024-09-08,-9251.73
437,Customer_437,customer437@mail.com,storing,Sorghum,2023-07-03,2023-12-08,36,1800,158,42,7963.2,partial,51,91800,2023-12-08,83836.8
1443,Customer_1443,customer1443@mail.com,storing,Sorghum,2024-03-26,2024-04-17,103,2575,22,23,1737.27,no,35,0,2024-04-17,-1737.27
1896,Customer_1896,customer1896@mail.com,sold,Maize,2023-11-01,2023-12-02,169,8450,31,40,6985.33,partial,36,0,2023-12-02,-6985.33
1237,Customer_1237,customer1237@mail.com,stored,Sorghum,2023-06-14,2023-07-10,160,8000,26,30,4160.0,yes,30,240000,2023-07-10,235840.0
1292,Customer_1292,customer1292@mail.com,sold,Wheat,2023-01-09,2023-02-11,86,2150,33,47,4446.2,yes,47,0,2023-02-11,-4446.2
1986,Customer_1986,customer1986@mail.com,stored,Millet,2023-05-22,2023-07-18,16,800,57,39,1185.6,partial,49,39200,2023-07-18,38014.4
1847,Customer_1847,customer1847@mail.com,sold,Wheat,2024-06-10,2024-08-04,29,1450,55,37,1967.17,partial,35,0,2024-08-04,-1967.17
1707,Customer_1707,customer1707@mail.com,stored,Wheat,2023-10-07,2024-02-08,149,3725,124,23,14164.93,yes,44,0,2024-02-08,-14164.93
392,Customer_392,customer392@mail.com,storing,Sorghum,2023-11-30,2024-01-06,176,8800,37,28,6077.87,yes,45,0,2024-01-06,-6077.87
1863,Customer_1863,customer1863@mail.com,stored,Maize,2023-03-15,2023-07-07,192,9600,114,50,36480.0,partial,34,0,2023-07-07,-36480.0
648,Customer_648,customer648@mail.com,storing,Wheat,2023-02-17,2023-03-28,112,2800,39,22,3203.2,no,38,106400,2023-03-28,103196.8
586,Customer_586,customer586@mail.com,sold,Maize,2023-10-17,2023-12-09,138,3450,53,45,10971.0,no,44,0,2023-12-09,-10971.0
1272,Customer_1272,customer1272@mail.com,stored,Wheat,2024-03-25,2024-05-20,142,3550,56,25,6626.67,no,49,173950,2024-05-20,167323.33
987,Customer_987,customer987@mail.com,stored,Sorghum,2023-01-17,2023-04-26,26,650,99,26,2230.8,no,25,16250,2023-04-26,14019.2
1332,Customer_1332,customer1332@mail.com,stored,Millet,2024-08-10,2024-10-11,44,1100,62,30,2728.0,partial,47,0,2024-10-11,-2728.0
632,Customer_632,customer632@mail.com,stored,Barley,2023-07-10,2023-12-08,189,4725,151,42,39954.6,yes,35,0,2023-12-08,-39954.6
1898,Customer_1898,customer1898@mail.com,stored,Barley,2023-04-07,2023-04-30,40,2000,23,30,920.0,partial,33,0,2023-04-30,-920.0
269,Customer_269,customer269@mail.com,sold,Millet,2023-06-17,2023-07-09,91,4550,22,44,2936.27,yes,30,136500,2023-07-09,133563.73
1194,Customer_1194,customer1194@mail.com,storing,Maize,2024-01-25,2024-05-11,98,2450,107,20,6990.67,partial,55,0,2024-05-11,-6990.67
1941,Customer_1941,customer1941@mail.com,stored,Maize,2023-11-17,2024-03-04,10,500,108,54,1944.0,no,37,18500,2024-03-04,16556.0
1769,Customer_1769,customer1769@mail.com,stored,Sorghum,2024-05-17,2024-11-06,96,4800,173,25,13840.0,no,38,182400,2024-11-06,168560.0
1725,Customer_1725,customer1725@mail.com,sold,Sorghum,2024-03-31,2024-04-10,70,1750,10,43,1003.33,yes,49,85750,2024-04-10,84746.67
26,Customer_26,customer26@mail.com,storing,Maize,2023-05-16,2023-06-19,171,4275,34,30,5814.0,no,45,0,2023-06-19,-5814.0
1225,Customer_1225,customer1225@mail.com,storing,Maize,2023-02-16,2023-06-19,45,2250,123,49,9040.5,no,29,0,2023-06-19,-9040.5
549,Customer_549,customer549@mail.com,sold,Wheat,2023-02-20,2023-03-22,31,1550,30,41,1271.0,no,41,63550,2023-03-22,62279.0
1568,Customer_1568,customer1568@mail.com,sold,Maize,2024-01-31,2024-05-12,173,4325,102,31,18234.2,yes,25,108125,2024-05-12,89890.8
184,Customer_184,customer184@mail.com,stored,Rice,2023-11-02,2024-02-29,160,8000,119,53,33637.33,no,30,240000,2024-02-29,206362.67
1929,Customer_1929,customer1929@mail.com,sold,Rice,2024-05-15,2024-09-13,60,1500,121,38,9196.0,yes,53,79500,2024-09-13,70304.0
358,Customer_358,customer358@mail.com,storing,Maize,2024-06-16,2024-09-23,126,6300,99,22,9147.6,partial,33,207900,2024-09-23,198752.4
308,Customer_308,customer308@mail.com,stored,Maize,2023-01-04,2023-06-17,87,2175,164,60,28536.0,no,35,76125,2023-06-17,47589.0
231,Customer_231,customer231@mail.com,sold,Millet,2024-01-26,2024-06-16,36,900,142,26,4430.4,partial,33,29700,2024-06-16,25269.6
1272,Customer_1272,customer1272@mail.com,stored,Maize,2023-03-27,2023-04-10,169,4225,14,38,2996.93,yes,29,0,2023-04-10,-2996.93
934,Customer_934,customer934@mail.com,stored,Rice,2023-02-24,2023-08-15,154,7700,172,48,42380.8,partial,38,292600,2023-08-15,250219.2
1019,Customer_1019,customer1019@mail.com,stored,Sorghum,2024-04-28,2024-07-20,146,7300,83,38,15349.47,no,37,270100,2024-07-20,254750.53
1666,Customer_1666,customer1666@mail.com,storing,Millet,2024-06-24,2024-10-27,166,4150,125,37,25591.67,yes,29,120350,2024-10-27,94758.33
1443,Customer_1443,customer1443@mail.com,storing,Wheat,2023-05-22,2023-10-11,164,8200,142,60,46576.0,no,42,0,2023-10-11,-46576.0
1616,Customer_1616,customer1616@mail.com,stored,Wheat,2024-05-09,2024-06-06,114,5700,28,27,2872.8,yes,39,0,2024-06-06,-2872.8
1086,Customer_1086,customer1086@mail.com,sold,Maize,2024-03-14,2024-05-02,81,4050,49,50,6615.0,partial,41,166050,2024-05-02,159435.0
1036,Customer_1036,customer1036@mail.com,sold,Rice,2024-07-27,2024-09-10,135,6750,45,49,9922.5,partial,43,0,2024-09-10,-9922.5
1237,Customer_1237,customer1237@mail.com,storing,Maize,2024-01-16,2024-04-18,107,5350,93,35,11609.5,yes,44,0,2024-04-18,-11609.5
1950,Customer_1950,customer1950@mail.com,stored,Wheat,2023-04-20,2023-05-11,24,1200,21,59,991.2,partial,42,50400,2023-05-11,49408.8
1465,Customer_1465,customer1465@mail.com,sold,Wheat,2023-12-23,2024-02-06,68,3400,45,31,3162.0,yes,25,0,2024-02-06,-3162.0
339,Customer_339,customer339@mail.com,stored,Rice,2024-02-22,2024-05-09,125,3125,77,38,12191.67,partial,37,0,2024-05-09,-12191.67
1264,Customer_1264,customer1264@mail.com,sold,Barley,2024-01-29,2024-03-09,158,7900,40,40,8426.67,yes,37,0,2024-03-09,-8426.67
845,Customer_845,customer845@mail.com,sold,Barley,2024-02-19,2024-04-21,73,1825,62,48,7241.6,partial,47,0,2024-04-21,-7241.6
1411,Customer_1411,customer1411@mail.com,storing,Maize,2023-11-02,2024-03-11,173,4325,130,23,17242.33,no,41,177325,2024-03-11,160082.67
1742,Customer_1742,customer1742@mail.com,storing,Rice,2024-02-24,2024-03-05,16,400,10,20,106.67,yes,48,19200,2024-03-05,19093.33
1888,Customer_1888,customer1888@mail.com,storing,Barley,2023-11-16,2024-03-06,64,3200,111,60,14208.0,yes,29,0,2024-03-06,-14208.0
735,Customer_735,customer735@mail.com,storing,Rice,2024-05-02,2024-09-01,144,3600,122,22,12883.2,yes,43,0,2024-09-01,-12883.2
342,Customer_342,customer342@mail.com,storing,Maize,2023-08-25,2024-02-06,47,2350,165,49,12666.5,no,33,0,2024-02-06,-12666.5
1453,Customer_1453,customer1453@mail.com,stored,Rice,2024-05-09,2024-05-25,92,2300,16,20,981.33,no,39,0,2024-05-25,-981.33
1221,Customer_1221,customer1221@mail.com,storing,Wheat,2024-06-15,2024-10-23,196,4900,130,60,50960.0,partial,42,0,2024-10-23,-50960.0
1218,Customer_1218,customer1218@mail.com,storing,Rice,2024-02-23,2024-03-29,83,4150,35,44,4260.67,partial,54,224100,2024-03-29,219839.33
256,Customer_256,customer256@mail.com,stored,Millet,2023-04-29,2023-08-12,57,1425,105,37,7381.5,partial,48,0,2023-08-12,-7381.5
1124,Customer_1124,customer1124@mail.com,sold,Rice,2023-07-11,2023-10-31,75,1875,112,24,6720.0,yes,53,99375,2023-10-31,92655.0
958,Customer_958,customer958@mail.com,stored,Sorghum,2023-02-05,2023-04-15,129,6450,69,26,7714.2,no,42,0,2023-04-15,-7714.2
5,Customer_5,customer5@mail.com,stored,Barley,2023-12-16,2024-06-08,67,3350,175,21,8207.5,partial,47,0,2024-06-08,-8207.5
423,Customer_423,customer423@mail.com,stored,Rice,2024-07-24,2024-09-12,58,2900,50,41,3963.33,yes,47,0,2024-09-12,-3963.33
790,Customer_790,customer790@mail.com,stored,Barley,2023-11-19,2024-02-11,21,525,84,49,2881.2,yes,36,0,2024-02-11,-2881.2
1067,Customer_1067,customer1067@mail.com,sold,Millet,2024-02-08,2024-07-11,77,1925,154,34,13439.07,yes,30,57750,2024-07-11,44310.93
437,Customer_437,customer437@mail.com,stored,Wheat,2024-03-03,2024-04-25,185,4625,53,48,15688.0,no,36,0,2024-04-25,-15688.0
1516,Customer_1516,customer1516@mail.com,sold,Maize,2023-01-08,2023-03-08,175,4375,59,23,7915.83,yes,48,0,2023-03-08,-7915.83
33,Customer_33,customer33@mail.com,sold,Maize,2024-01-02,2024-04-18,179,4475,107,23,14683.97,no,48,214800,2024-04-18,200116.03
1247,Customer_1247,customer1247@mail.com,storing,Wheat,2024-02-11,2024-06-20,74,1850,130,33,10582.0,no,48,88800,2024-06-20,78218.0
699,Customer_699,customer699@mail.com,stored,Millet,2024-07-06,2024-11-19,139,3475,136,55,34657.33,no,49,0,2024-11-19,-34657.33
1416,Customer_1416,customer1416@mail.com,sold,Rice,2023-07-17,2023-12-19,10,500,155,55,2841.67,no,41,20500,2023-12-19,17658.33
1916,Customer_1916,customer1916@mail.com,stored,Sorghum,2023-07-10,2023-08-24,165,4125,45,41,10147.5,partial,26,107250,2023-08-24,97102.5
1112,Customer_1112,customer1112@mail.com,storing,Rice,2023-01-31,2023-07-16,86,2150,166,34,16179.47,yes,54,116100,2023-07-16,99920.53
1787,Customer_1787,customer1787@mail.com,storing,Millet,2023-06-06,2023-07-04,193,4825,28,57,10267.6,no,47,226775,2023-07-04,216507.4
1411,Customer_1411,customer1411@mail.com,sold,Wheat,2024-02-01,2024-05-14,18,450,103,32,1977.6,yes,25,11250,2024-05-14,9272.4
260,Customer_260,customer260@mail.com,sold,Sorghum,2024-07-06,2024-08-15,114,5700,40,47,7144.0,yes,45,0,2024-08-15,-7144.0
92,Customer_92,customer92@mail.com,sold,Millet,2024-01-19,2024-03-22,196,4900,63,53,21814.8,partial,40,196000,2024-03-22,174185.2
461,Customer_461,customer461@mail.com,sold,Millet,2023-09-12,2023-09-29,169,8450,17,43,4117.97,partial,53,447850,2023-09-29,443732.03
151,Customer_151,customer151@mail.com,sold,Rice,2023-05-01,2023-07-12,188,4700,72,54,24364.8,yes,40,0,2023-07-12,-24364.8
1702,Customer_1702,customer1702@mail.com,sold,Wheat,2023-05-22,2023-07-24,32,1600,63,24,1612.8,yes,43,0,2023-07-24,-1612.8
754,Customer_754,customer754@mail.com,storing,Barley,2024-03-25,2024-06-01,69,1725,68,31,4848.4,partial,41,0,2024-06-01,-4848.4
1055,Customer_1055,customer1055@mail.com,sold,Maize,2023-07-30,2023-09-28,150,7500,60,43,12900.0,partial,34,0,2023-09-28,-12900.0
265,Customer_265,customer265@mail.com,stored,Rice,2023-08-23,2023-10-16,40,2000,54,32,2304.0,yes,43,0,2023-10-16,-2304.0
603,Customer_603,customer603@mail.com,stored,Millet,2023-02-26,2023-03-15,175,8750,17,57,5652.5,yes,39,0,2023-03-15,-5652.5
1985,Customer_1985,customer1985@mail.com,sold,Wheat,2023-10-14,2024-04-01,157,7850,170,33,29359.0,yes,41,0,2024-04-01,-29359.0
1466,Customer_1466,customer1466@mail.com,storing,Wheat,2023-01-28,2023-05-11,77,1925,103,43,11367.77,yes,49,0,2023-05-11,-11367.77
1206,Customer_1206,customer1206@mail.com,storing,Barley,2023-11-17,2024-02-08,132,6600,83,59,21546.8,yes,39,0,2024-02-08,-21546.8
214,Customer_214,customer214@mail.com,stored,Rice,2023-07-02,2023-09-20,59,2950,80,52,8181.33,yes,51,150450,2023-09-20,142268.67
95,Customer_95,customer95@mail.com,stored,Millet,2024-07-07,2024-08-02,126,3150,26,35,3822.0,no,41,0,2024-08-02,-3822.0
1253,Customer_1253,customer1253@mail.com,stored,Millet,2024-03-06,2024-03-30,159,3975,24,44,5596.8,no,32,0,2024-03-30,-5596.8
1876,Customer_1876,customer1876@mail.com,stored,Barley,2023-03-17,2023-04-29,96,2400,43,40,5504.0,yes,26,0,2023-04-29,-5504.0
37,Customer_37,customer37@mail.com,stored,Barley,2024-05-08,2024-11-02,62,3100,178,46,16921.87,no,28,86800,2024-11-02,69878.13
1440,Customer_1440,customer1440@mail.com,storing,Barley,2023-06-10,2023-09-28,127,6350,110,51,23749.0,yes,33,209550,2023-09-28,185801.0
1434,Customer_1434,customer1434@mail.com,storing,Wheat,2024-02-21,2024-03-13,45,2250,21,58,1827.0,yes,38,85500,2024-03-13,83673.0
492,Customer_492,customer492@mail.com,storing,Barley,2023-02-20,2023-03-25,121,3025,33,32,4259.2,yes,42,0,2023-03-25,-4259.2
221,Customer_221,customer221@mail.com,stored,Rice,2024-07-30,2024-08-15,78,1950,16,25,1040.0,no,26,50700,2024-08-15,49660.0
1992,Customer_1992,customer1992@mail.com,storing,Rice,2023-11-28,2024-01-10,25,1250,43,36,1290.0,yes,44,0,2024-01-10,-1290.0
1234,Customer_1234,customer1234@mail.com,sold,Rice,2023-10-17,2023-11-03,25,1250,17,23,325.83,partial,42,0,2023-11-03,-325.83
1414,Customer_1414,customer1414@mail.com,stored,Sorghum,2023-11-07,2024-01-20,100,5000,74,50,12333.33,partial,49,245000,2024-01-20,232666.67
1955,Customer_1955,customer1955@mail.com,sold,Rice,2023-04-03,2023-05-05,113,2825,32,37,4459.73,yes,30,0,2023-05-05,-4459.73
1886,Customer_1886,customer1886@mail.com,storing,Rice,2024-02-29,2024-07-10,160,4000,132,45,31680.0,partial,28,112000,2024-07-10,80320.0
526,Customer_526,customer526@mail.com,sold,Sorghum,2023-02-08,2023-03-27,137,3425,47,39,8370.7,no,40,0,2023-03-27,-8370.7
1617,Customer_1617,customer1617@mail.com,sold,Rice,2024-01-20,2024-04-07,16,800,78,48,1996.8,yes,27,21600,2024-04-07,19603.2
1268,Customer_1268,customer1268@mail.com,storing,Barley,2024-02-24,2024-06-25,106,2650,122,52,22415.47,partial,41,108650,2024-06-25,86234.53
1198,Customer_1198,customer1198@mail.com,sold,Maize,2023-08-19,2023-10-31,166,4150,73,58,23428.13,partial,31,128650,2023-10-31,105221.87
1978,Customer_1978,customer1978@mail.com,storing,Millet,2023-08-05,2023-12-19,191,9550,136,36,31171.2,no,48,458400,2023-12-19,427228.8
733,Customer_733,customer733@mail.com,storing,Wheat,2024-06-17,2024-10-04,181,4525,109,26,17098.47,yes,38,171950,2024-10-04,154851.53
1442,Customer_1442,customer1442@mail.com,sold,Rice,2023-01-07,2023-06-06,102,5100,150,22,11220.0,yes,48,244800,2023-06-06,233580.0
1270,Customer_1270,customer1270@mail.com,stored,Wheat,2023-07-09,2023-10-26,61,3050,109,55,12189.83,no,36,109800,2023-10-26,97610.17
877,Customer_877,customer877@mail.com,stored,Maize,2023-05-25,2023-07-13,147,3675,49,55,13205.5,partial,33,121275,2023-07-13,108069.5
1425,Customer_1425,customer1425@mail.com,sold,Barley,2023-11-16,2023-12-09,20,1000,23,59,904.67,yes,43,43000,2023-12-09,42095.33
586,Customer_586,customer586@mail.com,storing,Sorghum,2023-02-06,2023-02-16,133,6650,10,58,2571.33,partial,48,319200,2023-02-16,316628.67
1547,Customer_1547,customer1547@mail.com,sold,Sorghum,2023-12-04,2024-05-31,102,2550,179,35,21301.0,partial,43,109650,2024-05-31,88349.0
628,Customer_628,customer628@mail.com,sold,Barley,2023-11-15,2024-02-16,159,3975,93,55,27109.5,partial,39,155025,2024-02-16,127915.5
424,Customer_424,customer424@mail.com,sold,Wheat,2024-03-24,2024-05-08,126,3150,45,31,5859.0,yes,45,141750,2024-05-08,135891.0
1088,Customer_1088,customer1088@mail.com,stored,Barley,2024-03-10,2024-03-20,52,2600,10,52,901.33,yes,25,0,2024-03-20,-901.33
117,Customer_117,customer117@mail.com,storing,Barley,2023-11-20,2024-01-12,129,6450,53,53,12078.7,yes,33,0,2024-01-12,-12078.7
1060,Customer_1060,customer1060@mail.com,sold,Maize,2023-11-12,2023-12-16,121,3025,34,57,7816.6,yes,38,0,2023-12-16,-7816.6
947,Customer_947,customer947@mail.com,stored,Barley,2023-08-15,2023-12-02,66,3300,109,23,5515.4,no,33,108900,2023-12-02,103384.6
608,Customer_608,customer608@mail.com,stored,Wheat,2023-03-15,2023-07-13,51,2550,120,29,5916.0,no,53,0,2023-07-13,-5916.0
1791,Customer_1791,customer1791@mail.com,stored,Rice,2024-02-21,2024-08-18,53,2650,179,36,11384.4,yes,53,0,2024-08-18,-11384.4
1115,Customer_1115,customer1115@mail.com,stored,Millet,2024-03-19,2024-08-16,129,3225,150,29,18705.0,partial,47,151575,2024-08-16,132870.0
1597,Customer_1597,customer1597@mail.com,sold,Rice,2024-08-02,2024-10-09,116,5800,68,44,11569.07,yes,53,307400,2024-10-09,295830.93
761,Customer_761,customer761@mail.com,sold,Wheat,2024-01-29,2024-07-26,122,6100,179,21,15286.6,partial,32,195200,2024-07-26,179913.4
1570,Customer_1570,customer1570@mail.com,stored,Sorghum,2023-08-25,2023-11-28,147,3675,95,23,10706.5,partial,38,139650,2023-11-28,128943.5
951,Customer_951,customer951@mail.com,storing,Wheat,2023-06-21,2023-12-11,187,9350,173,25,26959.17,partial,53,495550,2023-12-11,468590.83
1124,Customer_1124,customer1124@mail.com,storing,Wheat,2023-12-26,2024-04-16,87,4350,112,39,12667.2,yes,28,121800,2024-04-16,109132.8
1017,Customer_1017,customer1017@mail.com,stored,Millet,2024-01-25,2024-02-13,178,8900,19,35,3945.67,no,42,373800,2024-02-13,369854.33
1666,Customer_1666,customer1666@mail.com,storing,Sorghum,2023-11-03,2023-12-03,57,2850,30,28,1596.0,yes,28,0,2023-12-03,-1596.0
1878,Customer_1878,customer1878@mail.com,storing,Millet,2024-07-25,2024-08-28,53,2650,34,43,2582.87,partial,41,0,2024-08-28,-2582.87
1624,Customer_1624,customer1624@mail.com,sold,Maize,2023-06-09,2023-10-05,191,4775,118,43,32304.47,yes,36,171900,2023-10-05,139595.53
1064,Customer_1064,customer1064@mail.com,sold,Millet,2024-03-06,2024-06-12,188,4700,98,60,36848.0,yes,33,0,2024-06-12,-36848.0
1444,Customer_1444,customer1444@mail.com,sold,Millet,2023-03-06,2023-06-16,21,1050,102,54,3855.6,yes,33,0,2023-06-16,-3855.6
1893,Customer_1893,customer1893@mail.com,stored,Sorghum,2024-04-22,2024-09-15,131,6550,146,26,16575.87,yes,39,0,2024-09-15,-16575.87
193,Customer_193,customer193@mail.com,sold,Sorghum,2023-10-14,2024-01-02,133,6650,80,27,9576.0,yes,53,352450,2024-01-02,342874.0
683,Customer_683,customer683@mail.com,storing,Wheat,2023-07-08,2023-11-13,123,6150,128,44,23091.2,partial,39,239850,2023-11-13,216758.8
1408,Customer_1408,customer1408@mail.com,stored,Sorghum,2024-04-22,2024-05-04,190,4750,12,51,3876.0,yes,38,0,2024-05-04,-3876.0
1084,Customer_1084,customer1084@mail.com,sold,Millet,2024-02-10,2024-04-05,172,8600,55,48,15136.0,no,51,0,2024-04-05,-15136.0
1487,Customer_1487,customer1487@mail.com,stored,Rice,2023-07-22,2023-09-10,41,1025,50,44,3006.67,yes,43,0,2023-09-10,-3006.67
81,Customer_81,customer81@mail.com,stored,Millet,2024-07-26,2024-11-08,91,2275,105,38,12103.0,partial,37,0,2024-11-08,-12103.0
1820,Customer_1820,customer1820@mail.com,sold,Rice,2024-05-26,2024-08-29,37,925,95,25,2929.17,no,51,47175,2024-08-29,44245.83
139,Customer_139,customer139@mail.com,stored,Maize,2023-10-10,2024-02-25,192,4800,138,21,18547.2,yes,26,0,2024-02-25,-18547.2
1419,Customer_1419,customer1419@mail.com,stored,Wheat,2023-09-07,2024-02-20,63,3150,166,25,8715.0,no,32,0,2024-02-20,-8715.0
1862,Customer_1862,customer1862@mail.com,storing,Sorghum,2023-05-14,2023-11-04,135,3375,174,40,31320.0,no,30,0,2023-11-04,-31320.0
997,Customer_997,customer997@mail.com,stored,Millet,2024-05-25,2024-09-08,89,4450,106,30,9434.0,no,51,0,2024-09-08,-9434.0
1112,Customer_1112,customer1112@mail.com,sold,Maize,2023-06-22,2023-09-17,41,1025,87,24,2853.6,partial,34,34850,2023-09-17,31996.4
800,Customer_800,customer800@mail.com,storing,Rice,2024-07-24,2024-10-14,159,7950,82,37,16080.2,no,42,333900,2024-10-14,317819.8
433,Customer_433,customer433@mail.com,storing,Rice,2024-07-26,2024-12-29,70,3500,156,47,17108.0,no,42,147000,2024-12-29,129892.0
564,Customer_564,customer564@mail.com,sold,Barley,2024-07-05,2024-11-10,90,2250,128,49,18816.0,no,44,0,2024-11-10,-18816.0
1789,Customer_1789,customer1789@mail.com,storing,Maize,2023-04-21,2023-10-17,191,4775,179,31,35328.63,no,27,128925,2023-10-17,93596.37
1763,Customer_1763,customer1763@mail.com,sold,Wheat,2023-01-18,2023-06-29,58,2900,162,24,7516.8,partial,42,0,2023-06-29,-7516.8
1729,Customer_1729,customer1729@mail.com,sold,Wheat,2023-01-01,2023-05-08,138,3450,127,51,29794.2,yes,33,0,2023-05-08,-29794.2
1186,Customer_1186,customer1186@mail.com,storing,Maize,2023-01-29,2023-07-01,150,7500,153,34,26010.0,partial,43,322500,2023-07-01,296490.0
1911,Customer_1911,customer1911@mail.com,storing,Maize,2024-06-13,2024-10-13,82,4100,122,28,9337.07,no,31,0,2024-10-13,-9337.07
734,Customer_734,customer734@mail.com,stored,Barley,2024-01-04,2024-03-15,93,4650,71,50,11005.0,partial,42,0,2024-03-15,-11005.0
1280,Customer_1280,customer1280@mail.com,storing,Barley,2023-01-24,2023-07-05,57,2850,162,46,14158.8,no,51,0,2023-07-05,-14158.8
1152,Customer_1152,customer1152@mail.com,stored,Millet,2024-06-20,2024-08-20,183,4575,61,20,7442.0,partial,36,0,2024-08-20,-7442.0
1797,Customer_1797,customer1797@mail.com,storing,Sorghum,2024-01-03,2024-05-18,104,5200,136,47,22158.93,yes,41,213200,2024-05-18,191041.07
1088,Customer_1088,customer1088@mail.com,sold,Maize,2023-08-25,2023-10-02,158,7900,38,56,11207.47,partial,36,0,2023-10-02,-11207.47
1922,Customer_1922,customer1922@mail.com,stored,Rice,2023-10-31,2024-03-30,30,750,151,48,7248.0,partial,27,20250,2024-03-30,13002.0
262,Customer_262,customer262@mail.com,storing,Barley,2023-05-01,2023-10-23,181,4525,175,37,39065.83,no,34,0,2023-10-23,-39065.83
1546,Customer_1546,customer1546@mail.com,sold,Sorghum,2023-11-21,2023-12-25,199,4975,34,52,11727.73,no,37,184075,2023-12-25,172347.27
1036,Customer_1036,customer1036@mail.com,storing,Sorghum,2023-12-24,2024-04-01,69,1725,99,31,7058.7,yes,51,0,2024-04-01,-7058.7
272,Customer_272,customer272@mail.com,storing,Wheat,2024-01-24,2024-06-25,47,2350,153,57,13662.9,partial,34,0,2024-06-25,-13662.9
284,Customer_284,customer284@mail.com,stored,Maize,2023-10-19,2024-01-26,37,1850,99,52,6349.2,partial,41,0,2024-01-26,-6349.2
447,Customer_447,customer447@mail.com,storing,Maize,2024-07-04,2024-08-02,144,7200,29,49,6820.8,yes,45,324000,2024-08-02,317179.2
1223,Customer_1223,customer1223@mail.com,stored,Millet,2024-03-24,2024-07-02,157,7850,100,22,11513.33,yes,30,0,2024-07-02,-11513.33
411,Customer_411,customer411@mail.com,storing,Maize,2023-05-18,2023-08-22,96,4800,96,34,10444.8,partial,26,0,2023-08-22,-10444.8
691,Customer_691,customer691@mail.com,storing,Rice,2023-09-24,2024-01-17,131,6550,115,38,19082.33,no,38,0,2024-01-17,-19082.33
210,Customer_210,customer210@mail.com,storing,Wheat,2023-12-18,2024-05-30,116,2900,164,37,23462.93,no,43,124700,2024-05-30,101237.07
1706,Customer_1706,customer1706@mail.com,sold,Wheat,2023-07-14,2023-12-08,115,5750,147,24,13524.0,no,44,0,2023-12-08,-13524.0
1034,Customer_1034,customer1034@mail.com,storing,Rice,2024-01-02,2024-04-15,26,1300,104,42,3785.6,yes,42,54600,2024-04-15,50814.4
82,Customer_82,customer82@mail.com,storing,Millet,2023-10-08,2023-12-17,90,2250,70,35,7350.0,partial,40,90000,2023-12-17,82650.0
1484,Customer_1484,customer1484@mail.com,sold,Millet,2023-04-04,2023-05-07,147,7350,33,59,9540.3,no,31,227850,2023-05-07,218309.7
30,Customer_30,customer30@mail.com,storing,Wheat,2023-08-24,2023-11-10,189,4725,78,52,25552.8,partial,52,245700,2023-11-10,220147.2
115,Customer_115,customer115@mail.com,stored,Rice,2023-09-08,2024-01-18,183,9150,132,36,28987.2,yes,47,430050,2024-01-18,401062.8
1503,Customer_1503,customer1503@mail.com,sold,Millet,2023-09-25,2024-03-13,108,5400,170,25,15300.0,no,37,199800,2024-03-13,184500.0
1399,Customer_1399,customer1399@mail.com,stored,Wheat,2024-03-12,2024-04-18,178,4450,37,52,11415.73,no,55,244750,2024-04-18,233334.27
88,Customer_88,customer88@mail.com,storing,Barley,2023-05-09,2023-10-31,70,3500,175,44,17966.67,no,26,0,2023-10-31,-17966.67
93,Customer_93,customer93@mail.com,sold,Millet,2023-11-05,2024-04-28,29,1450,175,43,7274.17,no,26,37700,2024-04-28,30425.83
1415,Customer_1415,customer1415@mail.com,sold,Rice,2023-09-14,2024-03-12,49,1225,180,34,9996.0,no,51,62475,2024-03-12,52479.0
609,Customer_609,customer609@mail.com,stored,Rice,2023-06-26,2023-12-20,192,4800,177,45,50976.0,yes,48,0,2023-12-20,-50976.0
957,Customer_957,customer957@mail.com,sold,Maize,2024-07-31,2024-08-21,133,6650,21,53,4934.3,yes,43,0,2024-08-21,-4934.3
1373,Customer_1373,customer1373@mail.com,stored,Rice,2023-06-28,2023-07-21,11,275,23,41,345.77,yes,44,0,2023-07-21,-345.77
98,Customer_98,customer98@mail.com,storing,Maize,2023-06-10,2023-07-14,35,1750,34,45,1785.0,partial,34,0,2023-07-14,-1785.0
275,Customer_275,customer275@mail.com,stored,Wheat,2023-03-24,2023-08-15,165,4125,144,59,46728.0,partial,27,111375,2023-08-15,64647.0
6,Customer_6,customer6@mail.com,sold,Wheat,2023-09-20,2024-01-17,171,8550,119,57,38663.1,no,48,0,2024-01-17,-38663.1
303,Customer_303,customer303@mail.com,storing,Millet,2023-01-26,2023-04-17,165,8250,81,39,17374.5,yes,26,0,2023-04-17,-17374.5
1978,Customer_1978,customer1978@mail.com,stored,Millet,2024-07-05,2024-12-27,153,7650,175,44,39270.0,no,44,336600,2024-12-27,297330.0
685,Customer_685,customer685@mail.com,storing,Sorghum,2024-02-19,2024-08-08,60,3000,171,58,19836.0,no,27,81000,2024-08-08,61164.0
1943,Customer_1943,customer1943@mail.com,storing,Wheat,2023-08-04,2024-01-16,93,4650,165,36,18414.0,yes,27,125550,2024-01-16,107136.0
1730,Customer_1730,customer1730@mail.com,storing,Sorghum,2023-05-01,2023-07-30,105,5250,90,58,18270.0,yes,48,252000,2023-07-30,233730.0
1111,Customer_1111,customer1111@mail.com,storing,Sorghum,2023-05-08,2023-06-24,58,2900,47,42,3816.4,yes,42,0,2023-06-24,-3816.4
350,Customer_350,customer350@mail.com,storing,Millet,2024-06-25,2024-12-22,44,1100,180,44,11616.0,partial,50,0,2024-12-22,-11616.0
531,Customer_531,customer531@mail.com,sold,Wheat,2024-01-18,2024-04-15,80,4000,88,22,5162.67,no,43,0,2024-04-15,-5162.67
1491,Customer_1491,customer1491@mail.com,sold,Wheat,2023-05-20,2023-07-01,10,250,42,54,756.0,yes,29,0,2023-07-01,-756.0
1807,Customer_1807,customer1807@mail.com,stored,Rice,2024-02-12,2024-07-23,112,5600,162,30,18144.0,no,55,308000,2024-07-23,289856.0
650,Customer_650,customer650@mail.com,storing,Sorghum,2024-06-22,2024-07-16,52,2600,24,53,2204.8,partial,35,0,2024-07-16,-2204.8
1182,Customer_1182,customer1182@mail.com,stored,Rice,2023-12-25,2024-03-17,82,4100,83,55,12477.67,partial,39,0,2024-03-17,-12477.67
926,Customer_926,customer926@mail.com,storing,Rice,2023-02-17,2023-03-16,156,3900,27,54,7581.6,partial,35,0,2023-03-16,-7581.6
576,Customer_576,customer576@mail.com,storing,Maize,2024-02-22,2024-05-18,155,3875,86,52,23105.33,yes,26,100750,2024-05-18,77644.67
719,Customer_719,customer719@mail.com,stored,Rice,2023-01-03,2023-03-01,105,2625,57,46,9177.0,yes,32,84000,2023-03-01,74823.0
1498,Customer_1498,customer1498@mail.com,storing,Maize,2023-05-05,2023-08-08,183,9150,95,43,24918.5,yes,30,0,2023-08-08,-24918.5
1585,Customer_1585,customer1585@mail.com,stored,Millet,2024-01-16,2024-05-09,162,8100,114,59,36320.4,partial,51,0,2024-05-09,-36320.4
1303,Customer_1303,customer1303@mail.com,stored,Barley,2023-01-26,2023-07-02,190,4750,157,54,53694.0,no,54,256500,2023-07-02,202806.0
117,Customer_117,customer117@mail.com,storing,Barley,2024-05-11,2024-07-19,97,4850,69,21,4685.1,yes,31,0,2024-07-19,-4685.1
1073,Customer_1073,customer1073@mail.com,storing,Barley,2024-04-08,2024-05-19,12,300,41,37,606.8,no,48,0,2024-05-19,-606.8
586,Customer_586,customer586@mail.com,sold,Millet,2023-08-18,2023-12-22,148,7400,126,41,25485.6,no,36,266400,2023-12-22,240914.4
1616,Customer_1616,customer1616@mail.com,storing,Wheat,2024-03-13,2024-08-31,57,1425,171,28,9097.2,yes,28,0,2024-08-31,-9097.2
377,Customer_377,customer377@mail.com,storing,Barley,2024-02-19,2024-08-03,24,1200,166,35,4648.0,partial,53,0,2024-08-03,-4648.0
205,Customer_205,customer205@mail.com,sold,Maize,2024-05-29,2024-10-16,192,4800,140,55,49280.0,yes,25,0,2024-10-16,-49280.0
1648,Customer_1648,customer1648@mail.com,stored,Maize,2024-02-04,2024-03-13,60,3000,38,36,2736.0,partial,49,0,2024-03-13,-2736.0
182,Customer_182,customer182@mail.com,stored,Sorghum,2023-06-22,2023-09-25,86,2150,95,27,7353.0,yes,50,107500,2023-09-25,100147.0
1361,Customer_1361,customer1361@mail.com,sold,Maize,2023-09-04,2024-02-11,85,2125,160,33,14960.0,no,41,0,2024-02-11,-14960.0
513,Customer_513,customer513@mail.com,sold,Barley,2024-07-27,2025-01-21,185,4625,178,23,25246.33,yes,46,212750,2025-01-21,187503.67
1738,Customer_1738,customer1738@mail.com,stored,Maize,2023-05-25,2023-10-22,120,6000,150,45,27000.0,no,50,0,2023-10-22,-27000.0
141,Customer_141,customer141@mail.com,storing,Barley,2024-05-19,2024-10-20,135,6750,154,27,18711.0,yes,38,256500,2024-10-20,237789.0
1506,Customer_1506,customer1506@mail.com,storing,Millet,2024-05-27,2024-09-22,56,1400,118,52,11453.87,partial,42,0,2024-09-22,-11453.87
840,Customer_840,customer840@mail.com,storing,Sorghum,2024-05-18,2024-09-04,92,4600,109,37,12367.87,partial,50,0,2024-09-04,-12367.87
704,Customer_704,customer704@mail.com,sold,Sorghum,2023-09-22,2023-11-27,165,4125,66,51,18513.0,no,25,0,2023-11-27,-18513.0
623,Customer_623,customer623@mail.com,storing,Rice,2023-02-12,2023-07-21,111,5550,159,37,21767.1,partial,47,0,2023-07-21,-21767.1
784,Customer_784,customer784@mail.com,stored,Sorghum,2024-08-21,2024-12-07,200,5000,108,29,20880.0,partial,39,0,2024-12-07,-20880.0
1512,Customer_1512,customer1512@mail.com,storing,Rice,2023-04-27,2023-10-02,29,725,158,31,4734.73,no,34,0,2023-10-02,-4734.73
1733,Customer_1733,customer1733@mail.com,storing,Millet,2024-08-15,2025-01-22,142,7100,160,47,35594.67,no,53,376300,2025-01-22,340705.33
35,Customer_35,customer35@mail.com,storing,Rice,2023-07-29,2023-09-30,141,3525,63,26,7698.6,no,40,0,2023-09-30,-7698.6
885,Customer_885,customer885@mail.com,storing,Wheat,2024-06-15,2024-07-09,86,4300,24,36,2476.8,yes,45,193500,2024-07-09,191023.2
1973,Customer_1973,customer1973@mail.com,storing,Rice,2023-01-07,2023-04-28,70,3500,111,53,13727.0,partial,38,133000,2023-04-28,119273.0
1357,Customer_1357,customer1357@mail.com,storing,Sorghum,2024-01-12,2024-06-30,112,2800,170,54,34272.0,partial,31,86800,2024-06-30,52528.0
1851,Customer_1851,customer1851@mail.com,storing,Sorghum,2023-03-02,2023-07-20,72,3600,140,45,15120.0,yes,48,0,2023-07-20,-15120.0
1749,Customer_1749,customer1749@mail.com,stored,Maize,2023-01-13,2023-04-24,41,1025,101,28,3864.93,partial,46,0,2023-04-24,-3864.93
1050,Customer_1050,customer1050@mail.com,sold,Rice,2024-08-10,2024-09-10,198,9900,31,47,9616.2,partial,25,247500,2024-09-10,237883.8
1121,Customer_1121,customer1121@mail.com,sold,Sorghum,2023-01-15,2023-06-25,21,1050,161,50,5635.0,partial,45,47250,2023-06-25,41615.0
465,Customer_465,customer465@mail.com,storing,Millet,2024-01-31,2024-04-17,179,8950,77,42,19296.2,yes,51,0,2024-04-17,-19296.2
320,Customer_320,customer320@mail.com,stored,Rice,2023-11-23,2024-03-15,117,2925,113,40,17628.0,no,31,0,2024-03-15,-17628.0
104,Customer_104,customer104@mail.com,sold,Millet,2023-09-14,2024-02-19,199,9950,158,53,55547.53,partial,42,417900,2024-02-19,362352.47
1506,Customer_1506,customer1506@mail.com,stored,Rice,2023-01-23,2023-04-07,172,8600,74,38,16122.13,partial,54,0,2023-04-07,-16122.13
1949,Customer_1949,customer1949@mail.com,sold,Wheat,2024-04-20,2024-07-22,32,800,93,43,4265.6,no,42,0,2024-07-22,-4265.6
514,Customer_514,customer514@mail.com,stored,Maize,2024-02-17,2024-08-15,40,2000,180,40,9600.0,yes,35,0,2024-08-15,-9600.0
695,Customer_695,customer695@mail.com,stored,Maize,2023-05-15,2023-05-29,96,4800,14,38,1702.4,yes,32,153600,2023-05-29,151897.6
439,Customer_439,customer439@mail.com,stored,Barley,2023-07-02,2023-12-02,176,8800,153,30,26928.0,partial,25,0,2023-12-02,-26928.0
1203,Customer_1203,customer1203@mail.com,stored,Barley,2023-09-18,2024-02-19,73,1825,154,33,12366.2,no,25,45625,2024-02-19,33258.8
159,Customer_159,customer159@mail.com,stored,Rice,2023-05-12,2023-07-25,150,7500,74,53,19610.0,yes,42,315000,2023-07-25,295390.0
1622,Customer_1622,customer1622@mail.com,stored,Barley,2024-08-18,2025-01-16,96,2400,151,48,23193.6,yes,28,0,2025-01-16,-23193.6
984,Customer_984,customer984@mail.com,sold,Maize,2023-02-27,2023-07-14,135,3375,137,38,23427.0,yes,38,0,2023-07-14,-23427.0
1561,Customer_1561,customer1561@mail.com,stored,Millet,2024-01-13,2024-05-21,176,8800,129,50,37840.0,partial,27,237600,2024-05-21,199760.0
18,Customer_18,customer18@mail.com,stored,Wheat,2024-03-18,2024-05-05,39,975,48,45,2808.0,yes,45,43875,2024-05-05,41067.0
896,Customer_896,customer896@mail.com,storing,Wheat,2023-10-04,2023-11-22,166,8300,49,31,8405.13,yes,46,0,2023-11-22,-8405.13
1634,Customer_1634,customer1634@mail.com,stored,Rice,2023-09-24,2023-12-23,144,7200,90,49,21168.0,partial,38,273600,2023-12-23,252432.0
707,Customer_707,customer707@mail.com,sold,Wheat,2024-06-09,2024-08-27,80,2000,79,55,11586.67,yes,25,0,2024-08-27,-11586.67
69,Customer_69,customer69@mail.com,storing,Rice,2023-06-05,2023-11-08,110,2750,156,35,20020.0,partial,55,151250,2023-11-08,131230.0
996,Customer_996,customer996@mail.com,storing,Rice,2023-07-10,2024-01-06,36,900,180,48,10368.0,no,47,42300,2024-01-06,31932.0
701,Customer_701,customer701@mail.com,sold,Sorghum,2023-03-02,2023-07-01,15,375,121,26,1573.0,no,38,0,2023-07-01,-1573.0
1207,Customer_1207,customer1207@mail.com,storing,Rice,2023-08-12,2024-02-03,154,7700,175,52,46713.33,yes,42,323400,2024-02-03,276686.67
125,Customer_125,customer125@mail.com,stored,Rice,2023-06-29,2023-09-18,120,3000,81,31,10044.0,partial,45,135000,2023-09-18,124956.0
1628,Customer_1628,customer1628@mail.com,sold,Millet,2024-03-11,2024-07-20,167,4175,131,26,18960.07,no,46,0,2024-07-20,-18960.07
512,Customer_512,customer512@mail.com,stored,Barley,2024-04-19,2024-10-05,112,5600,169,21,13249.6,partial,45,252000,2024-10-05,238750.4
1216,Customer_1216,customer1216@mail.com,stored,Barley,2024-02-05,2024-05-02,176,8800,87,27,13780.8,yes,29,255200,2024-05-02,241419.2
1506,Customer_1506,customer1506@mail.com,storing,Millet,2023-03-31,2023-05-12,157,7850,42,32,7033.6,yes,31,243350,2023-05-12,236316.4
768,Customer_768,customer768@mail.com,sold,Barley,2024-05-07,2024-07-14,73,3650,68,27,4467.6,yes,41,0,2024-07-14,-4467.6
1732,Customer_1732,customer1732@mail.com,sold,Wheat,2024-01-20,2024-04-08,71,3550,79,53,9909.23,no,35,0,2024-04-08,-9909.23
305,Customer_305,customer305@mail.com,stored,Barley,2024-05-30,2024-09-01,71,3550,94,50,11123.33,partial,47,166850,2024-09-01,155726.67
221,Customer_221,customer221@mail.com,storing,Millet,2024-05-27,2024-07-18,147,7350,52,31,7898.8,partial,52,0,2024-07-18,-7898.8
689,Customer_689,customer689@mail.com,sold,Wheat,2024-04-20,2024-05-14,84,4200,24,52,3494.4,yes,35,147000,2024-05-14,143505.6
28,Customer_28,customer28@mail.com,sold,Wheat,2023-06-21,2023-11-17,175,4375,149,33,28682.5,partial,36,0,2023-11-17,-28682.5
1149,Customer_1149,customer1149@mail.com,stored,Sorghum,2024-06-16,2024-12-08,136,3400,175,30,23800.0,no,46,156400,2024-12-08,132600.0
1026,Customer_1026,customer1026@mail.com,storing,Sorghum,2024-06-02,2024-08-02,142,7100,61,60,17324.0,partial,49,347900,2024-08-02,330576.0
1517,Customer_1517,customer1517@mail.com,stored,Wheat,2024-05-17,2024-06-15,165,8250,29,47,7496.5,yes,32,264000,2024-06-15,256503.5
1401,Customer_1401,customer1401@mail.com,stored,Millet,2024-01-04,2024-04-30,103,2575,117,22,8837.4,yes,49,126175,2024-04-30,117337.6
1641,Customer_1641,customer1641@mail.com,sold,Rice,2024-07-07,2024-12-27,157,3925,173,39,35309.3,yes,44,0,2024-12-27,-35309.3
975,Customer_975,customer975@mail.com,storing,Sorghum,2023-01-17,2023-05-13,193,9650,116,51,38059.6,yes,51,0,2023-05-13,-38059.6
1900,Customer_1900,customer1900@mail.com,stored,Millet,2023-09-30,2023-11-21,77,1925,52,50,6673.33,yes,27,0,2023-11-21,-6673.33
1242,Customer_1242,customer1242@mail.com,storing,Barley,2023-01-03,2023-02-05,15,750,33,50,825.0,partial,48,36000,2023-02-05,35175.0
129,Customer_129,customer129@mail.com,stored,Rice,2024-03-25,2024-08-16,28,1400,144,44,5913.6,partial,36,0,2024-08-16,-5913.6
1361,Customer_1361,customer1361@mail.com,sold,Maize,2023-04-10,2023-04-22,155,7750,12,50,3100.0,no,49,0,2023-04-22,-3100.0
1217,Customer_1217,customer1217@mail.com,stored,Barley,2023-08-31,2023-10-07,158,3950,37,35,6820.33,no,42,165900,2023-10-07,159079.67
1727,Customer_1727,customer1727@mail.com,storing,Millet,2024-01-20,2024-06-25,109,2725,157,24,13690.4,no,40,0,2024-06-25,-13690.4
221,Customer_221,customer221@mail.com,stored,Rice,2024-01-19,2024-05-19,93,4650,121,48,18004.8,no,41,190650,2024-05-19,172645.2
1617,Customer_1617,customer1617@mail.com,sold,Rice,2024-06-25,2024-09-09,86,2150,76,23,5010.93,yes,32,68800,2024-09-09,63789.07
1479,Customer_1479,customer1479@mail.com,stored,Wheat,2023-09-16,2023-10-08,169,4225,22,34,4213.73,partial,43,181675,2023-10-08,177461.27
537,Customer_537,customer537@mail.com,stored,Wheat,2023-09-11,2023-11-09,150,3750,59,34,10030.0,partial,43,0,2023-11-09,-10030.0
1693,Customer_1693,customer1693@mail.com,storing,Maize,2023-09-18,2023-12-15,68,3400,88,38,7579.73,partial,26,0,2023-12-15,-7579.73
404,Customer_404,customer404@mail.com,sold,Millet,2024-02-23,2024-07-24,129,3225,152,42,27451.2,yes,40,0,2024-07-24,-27451.2
1078,Customer_1078,customer1078@mail.com,storing,Rice,2024-05-06,2024-06-18,71,3550,43,29,2951.23,partial,34,0,2024-06-18,-2951.23
1201,Customer_1201,customer1201@mail.com,stored,Barley,2024-05-20,2024-06-05,150,7500,16,54,4320.0,no,54,405000,2024-06-05,400680.0
739,Customer_739,customer739@mail.com,storing,Rice,2023-02-28,2023-05-12,45,1125,73,30,3285.0,partial,42,0,2023-05-12,-3285.0
1704,Customer_1704,customer1704@mail.com,stored,Wheat,2024-06-30,2024-11-24,191,4775,147,55,51474.5,yes,31,148025,2024-11-24,96550.5
1636,Customer_1636,customer1636@mail.com,stored,Rice,2023-09-14,2023-11-13,34,850,60,45,3060.0,no,29,0,2023-11-13,-3060.0
1980,Customer_1980,customer1980@mail.com,stored,Maize,2023-12-26,2024-03-22,17,850,87,21,1035.3,partial,34,0,2024-03-22,-1035.3
1275,Customer_1275,customer1275@mail.com,storing,Wheat,2024-04-07,2024-05-02,181,9050,25,53,7994.17,no,45,0,2024-05-02,-7994.17
238,Customer_238,customer238@mail.com,sold,Rice,2024-05-13,2024-10-25,139,3475,165,21,16054.5,yes,30,104250,2024-10-25,88195.5
1604,Customer_1604,customer1604@mail.com,storing,Sorghum,2024-06-18,2024-07-10,114,5700,22,35,2926.0,no,48,0,2024-07-10,-2926.0
88,Customer_88,customer88@mail.com,storing,Sorghum,2024-07-30,2024-12-14,132,6600,137,43,25920.4,partial,44,0,2024-12-14,-25920.4
391,Customer_391,customer391@mail.com,stored,Maize,2024-08-20,2024-11-03,121,3025,75,48,14520.0,yes,46,0,2024-11-03,-14520.0
1262,Customer_1262,customer1262@mail.com,stored,Barley,2024-08-22,2024-10-23,82,2050,62,38,6439.73,partial,38,0,2024-10-23,-6439.73
1461,Customer_1461,customer1461@mail.com,sold,Barley,2023-11-21,2024-05-03,91,2275,164,34,16913.87,no,30,0,2024-05-03,-16913.87
626,Customer_626,customer626@mail.com,stored,Maize,2023-05-09,2023-08-16,189,4725,99,53,33056.1,partial,36,0,2023-08-16,-33056.1
1293,Customer_1293,customer1293@mail.com,sold,Maize,2024-04-17,2024-08-07,87,2175,112,60,19488.0,no,25,54375,2024-08-07,34887.0
865,Customer_865,customer865@mail.com,stored,Millet,2024-03-13,2024-05-26,107,5350,74,42,11085.2,no,44,235400,2024-05-26,224314.8
1515,Customer_1515,customer1515@mail.com,stored,Millet,2023-01-25,2023-07-08,172,8600,164,50,47013.33,no,52,447200,2023-07-08,400186.67
1592,Customer_1592,customer1592@mail.com,storing,Wheat,2023-09-12,2024-01-24,183,4575,134,33,26974.2,partial,44,0,2024-01-24,-26974.2
1074,Customer_1074,customer1074@mail.com,stored,Millet,2023-01-21,2023-06-30,106,5300,160,34,19221.33,partial,47,249100,2023-06-30,229878.67
1646,Customer_1646,customer1646@mail.com,storing,Maize,2024-02-23,2024-06-09,137,6850,107,30,14659.0,no,40,274000,2024-06-09,259341.0
986,Customer_986,customer986@mail.com,stored,Wheat,2024-07-10,2024-12-09,116,5800,152,44,25860.27,partial,50,0,2024-12-09,-25860.27
413,Customer_413,customer413@mail.com,sold,Sorghum,2024-06-23,2024-09-30,28,1400,99,48,4435.2,partial,26,36400,2024-09-30,31964.8
1340,Customer_1340,customer1340@mail.com,storing,Millet,2024-04-05,2024-04-25,75,3750,20,50,2500.0,partial,51,191250,2024-04-25,188750.0
738,Customer_738,customer738@mail.com,storing,Maize,2023-09-30,2023-11-30,14,700,61,56,1594.13,no,53,0,2023-11-30,-1594.13
491,Customer_491,customer491@mail.com,sold,Wheat,2023-12-21,2024-02-18,190,9500,59,49,18309.67,partial,34,0,2024-02-18,-18309.67
1688,Customer_1688,customer1688@mail.com,storing,Barley,2023-02-04,2023-07-18,183,4575,164,43,43017.2,no,53,242475,2023-07-18,199457.8
1887,Customer_1887,customer1887@mail.com,storing,Sorghum,2023-01-15,2023-02-05,55,1375,21,53,2040.5,yes,30,41250,2023-02-05,39209.5
1580,Customer_1580,customer1580@mail.com,stored,Barley,2023-05-22,2023-07-03,168,4200,42,43,10113.6,yes,28,117600,2023-07-03,107486.4
834,Customer_834,customer834@mail.com,stored,Barley,2024-04-13,2024-05-25,12,300,42,39,655.2,yes,52,15600,2024-05-25,14944.8
535,Customer_535,customer535@mail.com,sold,Wheat,2023-11-18,2024-03-21,147,7350,124,46,27949.6,no,33,0,2024-03-21,-27949.6
900,Customer_900,customer900@mail.com,storing,Millet,2024-07-27,2024-12-17,126,3150,143,46,27627.6,partial,51,0,2024-12-17,-27627.6
1895,Customer_1895,customer1895@mail.com,storing,Millet,2024-04-09,2024-10-01,187,4675,175,60,65450.0,yes,49,0,2024-10-01,-65450.0
1031,Customer_1031,customer1031@mail.com,storing,Sorghum,2023-12-05,2024-06-01,80,2000,179,48,22912.0,partial,39,78000,2024-06-01,55088.0
1823,Customer_1823,customer1823@mail.com,stored,Millet,2024-03-28,2024-04-16,110,2750,19,58,4040.67,partial,32,88000,2024-04-16,83959.33
1900,Customer_1900,customer1900@mail.com,stored,Barley,2024-05-15,2024-10-15,185,9250,153,45,42457.5,partial,46,425500,2024-10-15,383042.5
1306,Customer_1306,customer1306@mail.com,stored,Wheat,2023-06-08,2023-10-17,193,9650,131,22,18540.87,yes,36,0,2023-10-17,-18540.87
1434,Customer_1434,customer1434@mail.com,stored,Sorghum,2024-05-23,2024-10-31,161,4025,161,48,41473.6,yes,47,189175,2024-10-31,147701.4
941,Customer_941,customer941@mail.com,storing,Maize,2023-09-08,2023-09-24,61,3050,16,52,1691.73,partial,52,0,2023-09-24,-1691.73
1812,Customer_1812,customer1812@mail.com,storing,Maize,2023-05-04,2023-06-04,98,4900,31,55,5569.67,partial,47,0,2023-06-04,-5569.67
1105,Customer_1105,customer1105@mail.com,stored,Millet,2023-09-09,2023-11-24,159,3975,76,36,14500.8,yes,36,143100,2023-11-24,128599.2
1728,Customer_1728,customer1728@mail.com,storing,Wheat,2024-03-24,2024-09-12,193,4825,172,59,65285.47,partial,43,0,2024-09-12,-65285.47
1718,Customer_1718,customer1718@mail.com,sold,Maize,2023-11-02,2024-01-21,58,2900,80,26,4021.33,partial,35,101500,2024-01-21,97478.67
882,Customer_882,customer882@mail.com,storing,Maize,2024-05-12,2024-08-24,105,2625,104,41,14924.0,partial,27,70875,2024-08-24,55951.0
762,Customer_762,customer762@mail.com,storing,Millet,2024-04-04,2024-08-25,193,9650,143,50,45998.33,yes,27,260550,2024-08-25,214551.67
1512,Customer_1512,customer1512@mail.com,storing,Rice,2024-06-06,2024-10-14,48,1200,130,30,6240.0,yes,45,54000,2024-10-14,47760.0
1733,Customer_1733,customer1733@mail.com,storing,Sorghum,2023-06-24,2023-12-21,69,1725,180,36,14904.0,partial,54,93150,2023-12-21,78246.0
1483,Customer_1483,customer1483@mail.com,sold,Rice,2023-06-01,2023-08-19,101,5050,79,25,6649.17,no,52,0,2023-08-19,-6649.17
49,Customer_49,customer49@mail.com,storing,Millet,2023-02-23,2023-06-02,176,8800,99,41,23812.8,no,42,369600,2023-06-02,345787.2
690,Customer_690,customer690@mail.com,sold,Rice,2024-04-14,2024-05-11,91,2275,27,42,3439.8,partial,36,0,2024-05-11,-3439.8
1507,Customer_1507,customer1507@mail.com,sold,Wheat,2024-07-22,2024-08-18,178,8900,27,35,5607.0,no,41,0,2024-08-18,-5607.0
1711,Customer_1711,customer1711@mail.com,storing,Wheat,2023-07-09,2023-12-27,155,3875,171,52,45942.0,yes,42,0,2023-12-27,-45942.0
1787,Customer_1787,customer1787@mail.com,storing,Barley,2023-01-25,2023-03-22,42,2100,56,51,3998.4,yes,54,113400,2023-03-22,109401.6
1210,Customer_1210,customer1210@mail.com,storing,Wheat,2024-08-17,2024-11-11,159,3975,86,28,12762.4,yes,25,0,2024-11-11,-12762.4
596,Customer_596,customer596@mail.com,sold,Wheat,2023-01-31,2023-07-24,50,2500,174,44,12760.0,no,45,0,2023-07-24,-12760.0
1725,Customer_1725,customer1725@mail.com,sold,Wheat,2023-05-12,2023-10-27,145,3625,168,53,43036.0,no,36,130500,2023-10-27,87464.0
1713,Customer_1713,customer1713@mail.com,storing,Sorghum,2023-06-28,2023-09-28,72,1800,92,28,6182.4,partial,50,0,2023-09-28,-6182.4
298,Customer_298,customer298@mail.com,sold,Millet,2024-06-21,2024-11-04,194,4850,136,31,27263.47,partial,36,0,2024-11-04,-27263.47
1340,Customer_1340,customer1340@mail.com,storing,Rice,2024-03-22,2024-08-16,100,5000,147,30,14700.0,yes,40,200000,2024-08-16,185300.0
1018,Customer_1018,customer1018@mail.com,storing,Wheat,2023-06-18,2023-11-27,43,2150,162,57,13235.4,partial,28,60200,2023-11-27,46964.6
1494,Customer_1494,customer1494@mail.com,sold,Rice,2024-02-21,2024-08-01,165,4125,162,21,18711.0,no,42,0,2024-08-01,-18711.0
631,Customer_631,customer631@mail.com,stored,Wheat,2024-04-20,2024-07-04,117,2925,75,33,9652.5,no,54,157950,2024-07-04,148297.5
2,Customer_2,customer2@mail.com,sold,Maize,2023-07-24,2024-01-13,20,500,173,29,3344.67,no,44,22000,2024-01-13,18655.33
1148,Customer_1148,customer1148@mail.com,sold,Maize,2023-11-11,2023-12-02,192,9600,21,35,4704.0,partial,54,518400,2023-12-02,513696.0
1915,Customer_1915,customer1915@mail.com,stored,Rice,2023-05-23,2023-07-08,36,900,46,45,2484.0,partial,51,45900,2023-07-08,43416.0
1397,Customer_1397,customer1397@mail.com,stored,Millet,2024-05-21,2024-10-18,53,2650,150,34,9010.0,no,48,127200,2024-10-18,118190.0
1530,Customer_1530,customer1530@mail.com,storing,Wheat,2024-05-19,2024-06-05,196,4900,17,44,4886.93,no,46,0,2024-06-05,-4886.93
1673,Customer_1673,customer1673@mail.com,storing,Rice,2023-08-16,2023-11-15,78,3900,91,54,12776.4,no,31,0,2023-11-15,-12776.4
503,Customer_503,customer503@mail.com,sold,Sorghum,2023-01-20,2023-05-27,122,6100,127,53,27372.73,yes,28,0,2023-05-27,-27372.73
552,Customer_552,customer552@mail.com,storing,Millet,2023-06-10,2023-07-07,137,3425,27,55,6781.5,no,34,116450,2023-07-07,109668.5
994,Customer_994,customer994@mail.com,storing,Barley,2024-01-05,2024-06-24,59,1475,171,27,9080.1,partial,25,36875,2024-06-24,27794.9
1844,Customer_1844,customer1844@mail.com,storing,Millet,2023-03-07,2023-03-23,99,4950,16,51,2692.8,no,26,0,2023-03-23,-2692.8
1216,Customer_1216,customer1216@mail.com,storing,Barley,2023-10-14,2023-10-24,80,4000,10,32,853.33,yes,31,124000,2023-10-24,123146.67
1980,Customer_1980,customer1980@mail.com,storing,Sorghum,2023-09-08,2023-12-11,29,725,94,44,3998.13,partial,45,32625,2023-12-11,28626.87
1159,Customer_1159,customer1159@mail.com,stored,Maize,2023-10-05,2023-12-17,43,1075,73,32,3348.27,partial,41,0,2023-12-17,-3348.27
727,Customer_727,customer727@mail.com,storing,Millet,2023-01-17,2023-04-19,67,3350,92,30,6164.0,no,43,0,2023-04-19,-6164.0
1471,Customer_1471,customer1471@mail.com,stored,Sorghum,2024-03-30,2024-08-25,94,2350,148,24,11129.6,yes,31,0,2024-08-25,-11129.6
136,Customer_136,customer136@mail.com,stored,Rice,2023-11-24,2024-02-09,117,2925,77,22,6606.6,partial,25,73125,2024-02-09,66518.4
1660,Customer_1660,customer1660@mail.com,storing,Rice,2024-05-08,2024-08-20,79,3950,104,36,9859.2,partial,48,189600,2024-08-20,179740.8
79,Customer_79,customer79@mail.com,stored,Maize,2024-01-12,2024-04-05,172,8600,84,32,15411.2,partial,55,0,2024-04-05,-15411.2
1727,Customer_1727,customer1727@mail.com,sold,Sorghum,2023-07-12,2023-11-22,69,3450,133,39,11930.1,no,40,0,2023-11-22,-11930.1
57,Customer_57,customer57@mail.com,sold,Maize,2024-02-07,2024-04-06,38,1900,59,23,1718.87,no,31,58900,2024-04-06,57181.13
1898,Customer_1898,customer1898@mail.com,stored,Maize,2023-02-22,2023-06-09,95,2375,107,30,10165.0,yes,42,0,2023-06-09,-10165.0
181,Customer_181,customer181@mail.com,stored,Barley,2023-05-09,2023-07-31,111,2775,83,59,18118.9,no,47,130425,2023-07-31,112306.1
816,Customer_816,customer816@mail.com,storing,Millet,2024-06-03,2024-08-17,110,2750,75,42,11550.0,no,29,0,2024-08-17,-11550.0
645,Customer_645,customer645@mail.com,storing,Millet,2023-10-29,2024-03-05,105,2625,128,37,16576.0,partial,33,86625,2024-03-05,70049.0
1115,Customer_1115,customer1115@mail.com,sold,Barley,2023-02-06,2023-07-27,47,2350,171,26,6965.4,yes,45,0,2023-07-27,-6965.4
1166,Customer_1166,customer1166@mail.com,sold,Maize,2024-05-28,2024-07-21,39,975,54,47,3299.4,yes,33,32175,2024-07-21,28875.6
1657,Customer_1657,customer1657@mail.com,storing,Barley,2024-03-11,2024-06-18,15,375,99,44,2178.0,yes,53,0,2024-06-18,-2178.0
1754,Customer_1754,customer1754@mail.com,sold,Millet,2023-09-02,2023-11-27,184,4600,86,51,26900.8,partial,49,0,2023-11-27,-26900.8
1854,Customer_1854,customer1854@mail.com,stored,Sorghum,2023-01-02,2023-05-01,132,6600,119,28,14660.8,yes,27,0,2023-05-01,-14660.8
1766,Customer_1766,customer1766@mail.com,sold,Sorghum,2023-03-07,2023-03-26,113,5650,19,40,2862.67,partial,28,158200,2023-03-26,155337.33
500,Customer_500,customer500@mail.com,sold,Maize,2024-06-10,2024-10-17,65,1625,129,43,12018.5,no,27,0,2024-10-17,-12018.5
1908,Customer_1908,customer1908@mail.com,stored,Maize,2024-01-31,2024-07-02,175,4375,153,47,41947.5,yes,52,227500,2024-07-02,185552.5
178,Customer_178,customer178@mail.com,sold,Sorghum,2023-10-17,2024-01-05,146,3650,80,39,15184.0,no,29,0,2024-01-05,-15184.0
1022,Customer_1022,customer1022@mail.com,stored,Millet,2023-05-01,2023-09-10,13,650,132,28,1601.6,yes,53,0,2023-09-10,-1601.6
995,Customer_995,customer995@mail.com,sold,Maize,2024-07-03,2024-10-10,55,2750,99,32,5808.0,partial,36,99000,2024-10-10,93192.0
283,Customer_283,customer283@mail.com,stored,Millet,2024-01-18,2024-05-22,72,1800,125,23,6900.0,partial,32,57600,2024-05-22,50700.0
1681,Customer_1681,customer1681@mail.com,sold,Barley,2024-08-16,2024-12-24,26,650,130,36,4056.0,no,55,0,2024-12-24,-4056.0
1763,Customer_1763,customer1763@mail.com,sold,Barley,2023-01-03,2023-05-21,87,4350,138,34,13606.8,no,47,204450,2023-05-21,190843.2
292,Customer_292,customer292@mail.com,storing,Millet,2023-01-07,2023-04-21,20,500,104,38,2634.67,partial,54,27000,2023-04-21,24365.33
1312,Customer_1312,customer1312@mail.com,sold,Barley,2023-02-13,2023-04-18,144,3600,64,26,7987.2,partial,40,144000,2023-04-18,136012.8
1062,Customer_1062,customer1062@mail.com,sold,Maize,2023-09-19,2024-03-14,52,1300,177,38,11658.4,yes,55,71500,2024-03-14,59841.6
313,Customer_313,customer313@mail.com,storing,Maize,2024-08-14,2024-10-20,24,600,67,52,2787.2,partial,53,31800,2024-10-20,29012.8
811,Customer_811,customer811@mail.com,sold,Barley,2023-11-06,2024-04-10,165,8250,156,27,23166.0,no,53,437250,2024-04-10,414084.0
308,Customer_308,customer308@mail.com,stored,Rice,2024-03-30,2024-07-14,111,2775,106,49,19217.8,partial,30,83250,2024-07-14,64032.2
1568,Customer_1568,customer1568@mail.com,storing,Millet,2023-07-12,2023-07-25,11,550,13,28,133.47,partial,44,0,2023-07-25,-133.47
504,Customer_504,customer504@mail.com,sold,Rice,2024-07-21,2025-01-09,135,6750,172,29,22446.0,partial,50,337500,2025-01-09,315054.0
1534,Customer_1534,customer1534@mail.com,sold,Millet,2024-05-02,2024-07-23,185,9250,82,60,30340.0,partial,35,0,2024-07-23,-30340.0
14,Customer_14,customer14@mail.com,storing,Sorghum,2023-07-04,2023-10-06,108,2700,94,21,7106.4,yes,46,0,2023-10-06,-7106.4
86,Customer_86,customer86@mail.com,sold,Sorghum,2024-01-12,2024-02-17,105,5250,36,56,7056.0,no,53,278250,2024-02-17,271194.0
1738,Customer_1738,customer1738@mail.com,stored,Barley,2024-07-02,2024-09-13,75,3750,73,45,8212.5,partial,43,0,2024-09-13,-8212.5
1527,Customer_1527,customer1527@mail.com,stored,Wheat,2023-07-11,2023-11-17,120,3000,129,50,25800.0,partial,30,90000,2023-11-17,64200.0
1795,Customer_1795,customer1795@mail.com,storing,Sorghum,2023-12-01,2024-02-10,42,1050,71,51,5069.4,no,33,0,2024-02-10,-5069.4
1684,Customer_1684,customer1684@mail.com,stored,Millet,2023-01-19,2023-04-07,155,3875,78,60,24180.0,no,36,139500,2023-04-07,115320.0
632,Customer_632,customer632@mail.com,stored,Sorghum,2023-11-16,2024-01-08,176,8800,53,21,6529.6,no,52,0,2024-01-08,-6529.6
220,Customer_220,customer220@mail.com,storing,Maize,2024-01-15,2024-05-30,153,3825,136,36,24969.6,partial,44,0,2024-05-30,-24969.6
1235,Customer_1235,customer1235@mail.com,sold,Sorghum,2024-06-12,2024-11-07,54,1350,148,35,9324.0,partial,46,0,2024-11-07,-9324.0
1091,Customer_1091,customer1091@mail.com,sold,Wheat,2023-03-10,2023-05-06,73,1825,57,41,5686.7,yes,47,85775,2023-05-06,80088.3
1818,Customer_1818,customer1818@mail.com,sold,Millet,2023-05-12,2023-11-01,110,5500,173,21,13321.0,yes,47,258500,2023-11-01,245179.0
1551,Customer_1551,customer1551@mail.com,stored,Millet,2024-06-29,2024-08-29,144,7200,61,60,17568.0,no,40,0,2024-08-29,-17568.0
294,Customer_294,customer294@mail.com,sold,Millet,2023-05-14,2023-08-21,123,3075,99,34,13800.6,partial,51,0,2023-08-21,-13800.6
1336,Customer_1336,customer1336@mail.com,stored,Sorghum,2023-03-28,2023-05-29,183,4575,62,50,18910.0,partial,29,0,2023-05-29,-18910.0
240,Customer_240,customer240@mail.com,storing,Sorghum,2023-05-24,2023-08-05,69,3450,73,56,9402.4,yes,45,155250,2023-08-05,145847.6
1599,Customer_1599,customer1599@mail.com,sold,Barley,2023-06-29,2023-09-10,66,3300,73,22,3533.2,yes,37,0,2023-09-10,-3533.2
197,Customer_197,customer197@mail.com,stored,Rice,2023-02-17,2023-07-24,69,3450,157,38,13721.8,yes,47,162150,2023-07-24,148428.2
1588,Customer_1588,customer1588@mail.com,storing,Sorghum,2023-11-30,2024-05-14,154,3850,166,31,26416.13,no,42,0,2024-05-14,-26416.13
1613,Customer_1613,customer1613@mail.com,storing,Rice,2024-07-06,2024-09-21,159,3975,77,42,17140.2,no,50,0,2024-09-21,-17140.2
1218,Customer_1218,customer1218@mail.com,storing,Maize,2023-03-10,2023-03-24,63,1575,14,33,970.2,yes,30,47250,2023-03-24,46279.8
1210,Customer_1210,customer1210@mail.com,storing,Maize,2023-09-24,2024-03-03,148,3700,161,60,47656.0,partial,40,0,2024-03-03,-47656.0
533,Customer_533,customer533@mail.com,storing,Rice,2023-05-14,2023-10-09,158,7900,148,34,26501.87,no,27,0,2023-10-09,-26501.87
390,Customer_390,customer390@mail.com,sold,Rice,2024-08-01,2024-10-22,84,4200,82,40,9184.0,no,48,201600,2024-10-22,192416.0
688,Customer_688,customer688@mail.com,stored,Barley,2023-05-10,2023-08-27,75,1875,109,49,13352.5,no,40,0,2023-08-27,-13352.5
1657,Customer_1657,customer1657@mail.com,stored,Wheat,2024-02-27,2024-05-06,108,5400,69,23,5713.2,partial,43,0,2024-05-06,-5713.2
754,Customer_754,customer754@mail.com,stored,Barley,2023-08-19,2023-11-16,67,3350,89,44,8745.73,yes,25,0,2023-11-16,-8745.73
1286,Customer_1286,customer1286@mail.com,sold,Rice,2024-02-27,2024-07-09,102,2550,133,50,22610.0,partial,51,0,2024-07-09,-22610.0
817,Customer_817,customer817@mail.com,stored,Millet,2024-08-18,2024-12-31,185,4625,135,54,44955.0,no,54,0,2024-12-31,-44955.0
1092,Customer_1092,customer1092@mail.com,sold,Rice,2024-08-15,2024-10-01,56,1400,47,45,3948.0,no,49,68600,2024-10-01,64652.0
1677,Customer_1677,customer1677@mail.com,storing,Millet,2024-05-13,2024-06-06,96,2400,24,24,1843.2,yes,52,124800,2024-06-06,122956.8
1374,Customer_1374,customer1374@mail.com,stored,Sorghum,2024-06-09,2024-09-14,76,3800,97,41,10075.07,yes,32,0,2024-09-14,-10075.07
1211,Customer_1211,customer1211@mail.com,stored,Sorghum,2023-01-02,2023-02-25,101,2525,54,52,9453.6,yes,37,0,2023-02-25,-9453.6
1800,Customer_1800,customer1800@mail.com,stored,Barley,2024-08-18,2024-10-30,71,3550,73,42,7256.2,no,40,142000,2024-10-30,134743.8
672,Customer_672,customer672@mail.com,sold,Millet,2023-02-02,2023-06-02,79,3950,120,47,14852.0,yes,51,0,2023-06-02,-14852.0
1532,Customer_1532,customer1532@mail.com,storing,Millet,2024-03-01,2024-06-23,195,9750,114,53,39273.0,partial,25,0,2024-06-23,-39273.0
1108,Customer_1108,customer1108@mail.com,sold,Maize,2023-06-17,2023-07-26,63,1575,39,27,2211.3,no,40,63000,2023-07-26,60788.7
1732,Customer_1732,customer1732@mail.com,storing,Wheat,2024-02-25,2024-03-22,109,2725,26,22,2078.27,no,52,0,2024-03-22,-2078.27
43,Customer_43,customer43@mail.com,stored,Barley,2023-04-07,2023-08-01,84,2100,116,53,17214.4,no,25,52500,2023-08-01,35285.6
1114,Customer_1114,customer1114@mail.com,sold,Wheat,2024-04-09,2024-05-30,98,4900,51,37,6164.2,no,47,0,2024-05-30,-6164.2
981,Customer_981,customer981@mail.com,storing,Maize,2023-12-27,2024-06-09,190,4750,165,47,49115.0,partial,27,128250,2024-06-09,79135.0
658,Customer_658,customer658@mail.com,storing,Barley,2023-05-31,2023-11-01,103,2575,154,35,18505.67,yes,52,133900,2023-11-01,115394.33
580,Customer_580,customer580@mail.com,stored,Rice,2024-07-19,2024-10-29,45,1125,102,40,6120.0,partial,26,0,2024-10-29,-6120.0
1253,Customer_1253,customer1253@mail.com,sold,Rice,2024-06-05,2024-08-02,114,2850,58,26,5730.4,yes,51,0,2024-08-02,-5730.4
1931,Customer_1931,customer1931@mail.com,stored,Rice,2024-04-17,2024-08-17,192,9600,122,50,39040.0,partial,36,0,2024-08-17,-39040.0
413,Customer_413,customer413@mail.com,stored,Maize,2024-07-04,2024-09-13,56,1400,71,51,6759.2,no,44,0,2024-09-13,-6759.2
592,Customer_592,customer592@mail.com,storing,Maize,2024-03-25,2024-08-20,167,8350,148,22,18125.07,no,34,283900,2024-08-20,265774.93
1355,Customer_1355,customer1355@mail.com,sold,Sorghum,2024-04-14,2024-06-19,171,4275,66,40,15048.0,partial,43,183825,2024-06-19,168777.0
887,Customer_887,customer887@mail.com,sold,Millet,2023-03-31,2023-09-18,68,1700,171,54,20930.4,no,44,0,2023-09-18,-20930.4
1805,Customer_1805,customer1805@mail.com,sold,Rice,2023-03-06,2023-07-12,134,6700,128,20,11434.67,partial,43,288100,2023-07-12,276665.33
1467,Customer_1467,customer1467@mail.com,stored,Rice,2023-09-01,2023-11-20,126,3150,80,20,6720.0,partial,47,0,2023-11-20,-6720.0
491,Customer_491,customer491@mail.com,storing,Sorghum,2023-08-28,2023-10-22,150,7500,55,51,14025.0,partial,44,0,2023-10-22,-14025.0
1128,Customer_1128,customer1128@mail.com,stored,Wheat,2023-01-24,2023-06-08,180,4500,135,40,32400.0,yes,37,166500,2023-06-08,134100.0
715,Customer_715,customer715@mail.com,storing,Barley,2024-03-24,2024-06-03,107,2675,71,48,12155.2,partial,32,85600,2024-06-03,73444.8
187,Customer_187,customer187@mail.com,sold,Maize,2024-01-09,2024-04-11,100,2500,93,29,8990.0,no,45,0,2024-04-11,-8990.0
647,Customer_647,customer647@mail.com,storing,Rice,2024-08-07,2024-09-15,139,3475,39,28,5059.6,no,34,118150,2024-09-15,113090.4
1086,Customer_1086,customer1086@mail.com,storing,Wheat,2024-04-20,2024-09-19,58,2900,152,38,11166.93,no,36,0,2024-09-19,-11166.93
545,Customer_545,customer545@mail.com,storing,Rice,2023-12-06,2024-02-19,184,9200,75,50,23000.0,yes,39,0,2024-02-19,-23000.0
1425,Customer_1425,customer1425@mail.com,sold,Wheat,2023-06-26,2023-10-24,60,1500,120,59,14160.0,no,46,69000,2023-10-24,54840.0
936,Customer_936,customer936@mail.com,stored,Maize,2023-01-01,2023-03-24,52,1300,82,38,5401.07,partial,44,0,2023-03-24,-5401.07
1440,Customer_1440,customer1440@mail.com,storing,Barley,2024-01-25,2024-04-29,54,2700,95,20,3420.0,yes,48,129600,2024-04-29,126180.0
1114,Customer_1114,customer1114@mail.com,storing,Millet,2023-05-14,2023-06-13,24,600,30,30,720.0,no,26,0,2023-06-13,-720.0
1185,Customer_1185,customer1185@mail.com,storing,Sorghum,2023-05-19,2023-10-10,99,2475,144,52,24710.4,no,44,108900,2023-10-10,84189.6
690,Customer_690,customer690@mail.com,stored,Maize,2024-01-16,2024-02-21,152,3800,36,44,8025.6,partial,45,171000,2024-02-21,162974.4
69,Customer_69,customer69@mail.com,stored,Sorghum,2023-04-08,2023-04-23,172,8600,15,54,4644.0,partial,47,0,2023-04-23,-4644.0
1700,Customer_1700,customer1700@mail.com,storing,Maize,2023-08-01,2024-01-16,156,3900,168,31,27081.6,no,38,148200,2024-01-16,121118.4
656,Customer_656,customer656@mail.com,stored,Millet,2024-05-24,2024-08-15,97,2425,83,33,8856.1,partial,47,113975,2024-08-15,105118.9
480,Customer_480,customer480@mail.com,sold,Rice,2023-12-27,2024-03-17,191,9550,81,26,13408.2,no,40,382000,2024-03-17,368591.8
1870,Customer_1870,customer1870@mail.com,sold,Sorghum,2024-04-19,2024-10-01,11,550,165,29,1754.5,no,51,0,2024-10-01,-1754.5
554,Customer_554,customer554@mail.com,sold,Rice,2023-08-03,2023-12-12,147,3675,131,38,24392.2,yes,28,102900,2023-12-12,78507.8
1009,Customer_1009,customer1009@mail.com,sold,Maize,2024-01-15,2024-03-08,59,1475,53,41,4273.57,yes,39,0,2024-03-08,-4273.57
1776,Customer_1776,customer1776@mail.com,storing,Barley,2024-06-21,2024-07-25,165,4125,34,33,6171.0,partial,53,218625,2024-07-25,212454.0
1968,Customer_1968,customer1968@mail.com,sold,Rice,2023-03-09,2023-04-18,63,1575,40,49,4116.0,no,40,0,2023-04-18,-4116.0
748,Customer_748,customer748@mail.com,sold,Sorghum,2023-07-06,2023-11-20,113,2825,137,29,14964.97,yes,36,0,2023-11-20,-14964.97
395,Customer_395,customer395@mail.com,stored,Maize,2024-03-10,2024-03-20,94,2350,10,57,1786.0,no,43,101050,2024-03-20,99264.0
651,Customer_651,customer651@mail.com,storing,Rice,2023-12-25,2024-04-02,39,1950,99,40,5148.0,partial,32,0,2024-04-02,-5148.0
1254,Customer_1254,customer1254@mail.com,stored,Maize,2023-06-05,2023-09-23,104,5200,110,45,17160.0,no,34,0,2023-09-23,-17160.0
748,Customer_748,customer748@mail.com,sold,Millet,2023-04-08,2023-06-15,39,1950,68,50,4420.0,partial,45,87750,2023-06-15,83330.0
653,Customer_653,customer653@mail.com,stored,Sorghum,2023-05-14,2023-07-10,96,2400,57,26,4742.4,partial,52,0,2023-07-10,-4742.4
818,Customer_818,customer818@mail.com,stored,Rice,2024-04-04,2024-06-09,19,950,66,54,2257.2,yes,41,0,2024-06-09,-2257.2
484,Customer_484,customer484@mail.com,storing,Sorghum,2023-08-24,2023-11-28,94,4700,96,53,15942.4,no,34,0,2023-11-28,-15942.4
1395,Customer_1395,customer1395@mail.com,stored,Wheat,2023-08-09,2023-09-18,192,9600,40,48,12288.0,no,35,336000,2023-09-18,323712.0
336,Customer_336,customer336@mail.com,storing,Maize,2023-02-13,2023-07-08,33,825,145,42,6699.0,no,34,0,2023-07-08,-6699.0
875,Customer_875,customer875@mail.com,stored,Barley,2023-06-29,2023-08-14,196,9800,46,56,16829.87,no,52,0,2023-08-14,-16829.87
150,Customer_150,customer150@mail.com,stored,Millet,2023-03-22,2023-09-05,174,4350,167,48,46492.8,yes,49,0,2023-09-05,-46492.8
1673,Customer_1673,customer1673@mail.com,stored,Barley,2024-05-30,2024-06-21,82,4100,22,49,2946.53,partial,33,135300,2024-06-21,132353.47
1443,Customer_1443,customer1443@mail.com,storing,Maize,2023-02-14,2023-06-07,18,900,113,23,1559.4,no,28,25200,2023-06-07,23640.6
1123,Customer_1123,customer1123@mail.com,storing,Millet,2023-11-07,2024-01-07,159,7950,61,55,17781.5,partial,28,0,2024-01-07,-17781.5
1577,Customer_1577,customer1577@mail.com,storing,Rice,2023-09-27,2023-11-08,74,3700,42,48,4972.8,partial,38,0,2023-11-08,-4972.8
1463,Customer_1463,customer1463@mail.com,storing,Maize,2023-07-17,2023-08-17,94,4700,31,29,2816.87,no,40,0,2023-08-17,-2816.87
186,Customer_186,customer186@mail.com,sold,Wheat,2023-07-30,2023-09-25,34,850,57,42,2713.2,partial,36,0,2023-09-25,-2713.2
234,Customer_234,customer234@mail.com,storing,Rice,2024-06-11,2024-11-14,75,3750,156,32,12480.0,no,41,0,2024-11-14,-12480.0
1301,Customer_1301,customer1301@mail.com,storing,Wheat,2023-02-10,2023-04-30,82,2050,79,52,11228.53,yes,29,0,2023-04-30,-11228.53
793,Customer_793,customer793@mail.com,storing,Wheat,2024-07-27,2024-12-04,119,5950,130,28,14438.67,partial,29,172550,2024-12-04,158111.33
1306,Customer_1306,customer1306@mail.com,stored,Rice,2023-10-22,2024-03-19,38,950,149,44,8304.27,yes,47,0,2024-03-19,-8304.27
6,Customer_6,customer6@mail.com,sold,Maize,2023-03-06,2023-07-06,129,6450,122,45,23607.0,yes,47,0,2023-07-06,-23607.0
559,Customer_559,customer559@mail.com,sold,Barley,2023-08-27,2023-12-29,43,1075,124,60,10664.0,yes,52,55900,2023-12-29,45236.0
1598,Customer_1598,customer1598@mail.com,storing,Rice,2024-02-19,2024-05-23,51,2550,94,43,6871.4,no,31,79050,2024-05-23,72178.6
1019,Customer_1019,customer1019@mail.com,sold,Millet,2023-02-03,2023-06-04,187,4675,121,32,24135.47,no,54,252450,2023-06-04,228314.53
1589,Customer_1589,customer1589@mail.com,sold,Maize,2023-12-04,2024-01-12,155,3875,39,33,6649.5,no,35,0,2024-01-12,-6649.5
1869,Customer_1869,customer1869@mail.com,storing,Maize,2023-03-26,2023-09-22,136,3400,180,58,47328.0,partial,25,0,2023-09-22,-47328.0
626,Customer_626,customer626@mail.com,sold,Rice,2023-07-19,2023-09-08,24,1200,51,48,1958.4,partial,29,0,2023-09-08,-1958.4
457,Customer_457,customer457@mail.com,stored,Wheat,2024-01-07,2024-01-31,154,3850,24,29,3572.8,no,26,100100,2024-01-31,96527.2
592,Customer_592,customer592@mail.com,storing,Sorghum,2024-07-26,2025-01-02,67,3350,160,54,19296.0,yes,45,150750,2025-01-02,131454.0
1467,Customer_1467,customer1467@mail.com,stored,Millet,2023-04-01,2023-05-31,57,1425,60,21,2394.0,yes,44,62700,2023-05-31,60306.0
994,Customer_994,customer994@mail.com,stored,Wheat,2023-08-11,2023-09-22,129,6450,42,38,6862.8,yes,41,264450,2023-09-22,257587.2
384,Customer_384,customer384@mail.com,storing,Maize,2023-09-19,2023-09-30,20,1000,11,30,220.0,no,55,0,2023-09-30,-220.0
376,Customer_376,customer376@mail.com,storing,Rice,2024-01-18,2024-04-14,176,8800,87,27,13780.8,no,25,0,2024-04-14,-13780.8
1701,Customer_1701,customer1701@mail.com,stored,Wheat,2023-06-23,2023-12-06,102,2550,166,51,28784.4,yes,39,99450,2023-12-06,70665.6
265,Customer_265,customer265@mail.com,storing,Millet,2023-09-05,2023-12-15,80,2000,101,37,9965.33,partial,38,76000,2023-12-15,66034.67
327,Customer_327,customer327@mail.com,storing,Wheat,2024-05-02,2024-09-18,111,5550,139,54,27772.2,no,47,0,2024-09-18,-27772.2
407,Customer_407,customer407@mail.com,storing,Rice,2023-12-18,2024-04-04,154,7700,108,32,17740.8,partial,27,0,2024-04-04,-17740.8
1152,Customer_1152,customer1152@mail.com,sold,Barley,2023-02-09,2023-05-16,133,6650,96,59,25110.4,partial,54,359100,2023-05-16,333989.6
752,Customer_752,customer752@mail.com,storing,Millet,2024-06-28,2024-08-14,35,1750,47,37,2028.83,partial,38,66500,2024-08-14,64471.17
567,Customer_567,customer567@mail.com,storing,Maize,2024-06-01,2024-08-26,143,3575,86,41,16807.27,yes,55,0,2024-08-26,-16807.27
371,Customer_371,customer371@mail.com,storing,Barley,2023-04-09,2023-09-06,65,1625,150,56,18200.0,no,44,0,2023-09-06,-18200.0
1843,Customer_1843,customer1843@mail.com,storing,Millet,2023-01-13,2023-02-10,31,1550,28,41,1186.27,yes,26,0,2023-02-10,-1186.27
224,Customer_224,customer224@mail.com,storing,Wheat,2023-09-22,2024-02-04,193,4825,135,56,48636.0,yes,27,0,2024-02-04,-48636.0
1434,Customer_1434,customer1434@mail.com,storing,Barley,2024-04-29,2024-08-21,149,7450,114,20,11324.0,no,25,0,2024-08-21,-11324.0
1080,Customer_1080,customer1080@mail.com,stored,Millet,2023-08-19,2023-08-31,98,2450,12,48,1881.6,no,50,0,2023-08-31,-1881.6
1955,Customer_1955,customer1955@mail.com,storing,Rice,2023-12-24,2024-06-19,120,3000,178,45,32040.0,no,27,0,2024-06-19,-32040.0
1689,Customer_1689,customer1689@mail.com,stored,Maize,2023-08-17,2023-09-20,174,4350,34,54,10648.8,yes,34,147900,2023-09-20,137251.2
752,Customer_752,customer752@mail.com,stored,Rice,2023-08-16,2023-10-03,109,2725,48,54,9417.6,no,28,76300,2023-10-03,66882.4
1699,Customer_1699,customer1699@mail.com,stored,Sorghum,2023-04-01,2023-06-12,198,9900,72,52,24710.4,yes,33,0,2023-06-12,-24710.4
1416,Customer_1416,customer1416@mail.com,sold,Sorghum,2023-01-04,2023-06-20,72,3600,167,58,23246.4,yes,53,0,2023-06-20,-23246.4
1132,Customer_1132,customer1132@mail.com,storing,Millet,2024-04-03,2024-07-25,35,1750,113,38,5009.67,yes,47,0,2024-07-25,-5009.67
634,Customer_634,customer634@mail.com,stored,Barley,2024-07-21,2024-12-30,82,4100,162,56,24796.8,yes,54,221400,2024-12-30,196603.2
683,Customer_683,customer683@mail.com,storing,Rice,2023-09-12,2023-11-19,18,900,68,44,1795.2,no,44,0,2023-11-19,-1795.2
1407,Customer_1407,customer1407@mail.com,sold,Millet,2024-07-16,2024-10-18,28,1400,94,40,3509.33,yes,35,49000,2024-10-18,45490.67
1012,Customer_1012,customer1012@mail.com,sold,Maize,2023-09-29,2023-12-19,137,6850,81,22,8137.8,partial,40,274000,2023-12-19,265862.2
1562,Customer_1562,customer1562@mail.com,storing,Millet,2023-03-23,2023-08-30,72,1800,160,51,19584.0,yes,30,0,2023-08-30,-19584.0
1150,Customer_1150,customer1150@mail.com,sold,Rice,2024-03-22,2024-04-16,121,6050,25,51,5142.5,yes,47,284350,2024-04-16,279207.5
1672,Customer_1672,customer1672@mail.com,stored,Sorghum,2023-03-30,2023-07-01,59,2950,93,46,8413.4,yes,54,0,2023-07-01,-8413.4
1168,Customer_1168,customer1168@mail.com,storing,Rice,2023-05-18,2023-10-08,106,5300,143,32,16168.53,no,28,148400,2023-10-08,132231.47
353,Customer_353,customer353@mail.com,stored,Barley,2023-01-31,2023-03-22,86,2150,50,48,6880.0,yes,26,55900,2023-03-22,49020.0
1091,Customer_1091,customer1091@mail.com,sold,Maize,2023-01-31,2023-06-11,140,3500,131,38,23230.67,yes,47,0,2023-06-11,-23230.67
80,Customer_80,customer80@mail.com,sold,Maize,2023-06-30,2023-09-14,199,4975,76,59,29743.87,partial,44,0,2023-09-14,-29743.87
806,Customer_806,customer806@mail.com,storing,Millet,2023-04-09,2023-04-26,122,6100,17,33,2281.4,yes,42,256200,2023-04-26,253918.6
1407,Customer_1407,customer1407@mail.com,sold,Maize,2023-06-07,2023-09-25,132,6600,110,38,18392.0,yes,34,224400,2023-09-25,206008.0
1156,Customer_1156,customer1156@mail.com,sold,Maize,2024-06-26,2024-11-29,112,5600,156,41,23878.4,no,39,218400,2024-11-29,194521.6
361,Customer_361,customer361@mail.com,stored,Wheat,2023-01-05,2023-07-01,170,4250,177,20,20060.0,yes,36,153000,2023-07-01,132940.0
1288,Customer_1288,customer1288@mail.com,sold,Maize,2023-07-02,2023-11-01,94,2350,122,29,11085.73,partial,40,0,2023-11-01,-11085.73
683,Customer_683,customer683@mail.com,stored,Maize,2023-07-05,2023-09-27,138,3450,84,31,11978.4,partial,45,155250,2023-09-27,143271.6
1265,Customer_1265,customer1265@mail.com,stored,Millet,2024-01-31,2024-03-02,12,600,31,45,558.0,partial,52,31200,2024-03-02,30642.0
245,Customer_245,customer245@mail.com,storing,Barley,2023-09-04,2024-02-20,177,4425,169,23,22933.3,yes,32,0,2024-02-20,-22933.3
1956,Customer_1956,customer1956@mail.com,stored,Maize,2024-05-20,2024-05-31,40,1000,11,29,425.33,partial,29,29000,2024-05-31,28574.67
1396,Customer_1396,customer1396@mail.com,sold,Barley,2023-04-06,2023-09-04,168,8400,151,34,28750.4,yes,50,420000,2023-09-04,391249.6
1712,Customer_1712,customer1712@mail.com,stored,Rice,2024-03-28,2024-07-22,15,375,116,53,3074.0,yes,30,0,2024-07-22,-3074.0
1387,Customer_1387,customer1387@mail.com,storing,Wheat,2023-12-11,2024-04-06,151,7550,117,39,22967.1,partial,37,279350,2024-04-06,256382.9
1948,Customer_1948,customer1948@mail.com,sold,Maize,2023-03-13,2023-09-06,188,9400,177,47,52132.4,no,55,517000,2023-09-06,464867.6
502,Customer_502,customer502@mail.com,storing,Barley,2023-02-24,2023-07-30,89,4450,156,24,11107.2,partial,29,0,2023-07-30,-11107.2
1791,Customer_1791,customer1791@mail.com,storing,Rice,2023-12-16,2024-03-30,184,9200,105,21,13524.0,no,46,0,2024-03-30,-13524.0
1443,Customer_1443,customer1443@mail.com,sold,Sorghum,2024-02-07,2024-04-11,39,1950,64,31,2579.2,no,29,56550,2024-04-11,53970.8
1578,Customer_1578,customer1578@mail.com,sold,Millet,2023-06-11,2023-10-04,150,7500,115,35,20125.0,partial,37,0,2023-10-04,-20125.0
69,Customer_69,customer69@mail.com,sold,Maize,2024-04-09,2024-05-19,94,4700,40,36,4512.0,partial,43,202100,2024-05-19,197588.0
376,Customer_376,customer376@mail.com,stored,Rice,2023-09-24,2023-12-29,15,750,96,60,2880.0,no,26,0,2023-12-29,-2880.0
618,Customer_618,customer618@mail.com,stored,Wheat,2023-02-16,2023-06-21,35,1750,125,39,5687.5,yes,42,0,2023-06-21,-5687.5
210,Customer_210,customer210@mail.com,stored,Sorghum,2023-07-24,2023-11-10,131,6550,109,58,27606.07,no,54,0,2023-11-10,-27606.07
1741,Customer_1741,customer1741@mail.com,storing,Millet,2024-04-19,2024-05-13,23,1150,24,55,1012.0,partial,31,0,2024-05-13,-1012.0
1853,Customer_1853,customer1853@mail.com,storing,Wheat,2024-02-15,2024-06-22,153,3825,128,59,38515.2,yes,44,0,2024-06-22,-38515.2
941,Customer_941,customer941@mail.com,sold,Rice,2023-08-13,2024-01-08,111,2775,148,32,17523.2,yes,26,0,2024-01-08,-17523.2
375,Customer_375,customer375@mail.com,stored,Wheat,2023-10-27,2024-02-12,145,7250,108,53,27666.0,yes,54,0,2024-02-12,-27666.0
801,Customer_801,customer801@mail.com,stored,Millet,2023-08-17,2023-11-15,170,8500,90,33,16830.0,partial,48,0,2023-11-15,-16830.0
1851,Customer_1851,customer1851@mail.com,stored,Wheat,2024-03-11,2024-05-06,143,3575,56,24,6406.4,no,46,0,2024-05-06,-6406.4
188,Customer_188,customer188@mail.com,stored,Sorghum,2023-09-17,2023-11-28,20,500,72,20,960.0,no,50,0,2023-11-28,-960.0
1316,Customer_1316,customer1316@mail.com,sold,Sorghum,2023-04-03,2023-09-13,24,1200,163,59,7693.6,no,44,0,2023-09-13,-7693.6
1377,Customer_1377,customer1377@mail.com,sold,Wheat,2024-04-06,2024-07-28,196,4900,113,52,38389.87,yes,30,147000,2024-07-28,108610.13
365,Customer_365,customer365@mail.com,sold,Millet,2024-01-12,2024-05-01,108,5400,110,60,23760.0,partial,44,237600,2024-05-01,213840.0
65,Customer_65,customer65@mail.com,stored,Barley,2024-08-23,2024-10-08,59,2950,46,41,3709.13,partial,32,0,2024-10-08,-3709.13
567,Customer_567,customer567@mail.com,stored,Wheat,2024-08-05,2024-08-18,164,4100,13,26,1847.73,no,33,135300,2024-08-18,133452.27
637,Customer_637,customer637@mail.com,stored,Millet,2023-04-25,2023-05-22,197,4925,27,59,10460.7,partial,40,0,2023-05-22,-10460.7
694,Customer_694,customer694@mail.com,storing,Barley,2023-12-29,2024-02-12,148,7400,45,31,6882.0,partial,35,259000,2024-02-12,252118.0
1480,Customer_1480,customer1480@mail.com,sold,Barley,2024-06-15,2024-06-28,24,1200,13,50,520.0,no,44,0,2024-06-28,-520.0
47,Customer_47,customer47@mail.com,stored,Barley,2024-03-19,2024-08-29,13,325,163,38,2684.07,partial,43,13975,2024-08-29,11290.93
1743,Customer_1743,customer1743@mail.com,stored,Wheat,2023-04-30,2023-07-17,41,1025,78,36,3837.6,no,39,0,2023-07-17,-3837.6
481,Customer_481,customer481@mail.com,sold,Sorghum,2023-10-13,2024-01-19,152,3800,98,41,20357.87,yes,48,182400,2024-01-19,162042.13
153,Customer_153,customer153@mail.com,sold,Wheat,2023-10-01,2023-10-20,173,4325,19,51,5587.9,no,34,147050,2023-10-20,141462.1
882,Customer_882,customer882@mail.com,sold,Sorghum,2023-06-20,2023-09-22,64,1600,94,60,12032.0,yes,51,81600,2023-09-22,69568.0
710,Customer_710,customer710@mail.com,stored,Sorghum,2023-08-19,2023-09-07,115,5750,19,45,3277.5,yes,47,270250,2023-09-07,266972.5
176,Customer_176,customer176@mail.com,stored,Barley,2023-08-23,2024-01-19,95,4750,149,33,15570.5,partial,28,133000,2024-01-19,117429.5
1906,Customer_1906,customer1906@mail.com,stored,Millet,2023-03-12,2023-08-31,55,1375,172,52,16397.33,yes,27,0,2023-08-31,-16397.33
1289,Customer_1289,customer1289@mail.com,stored,Barley,2023-02-09,2023-05-27,163,8150,107,47,27324.23,yes,55,0,2023-05-27,-27324.23
567,Customer_567,customer567@mail.com,storing,Maize,2023-06-17,2023-09-18,71,1775,93,48,10564.8,no,53,94075,2023-09-18,83510.2
793,Customer_793,customer793@mail.com,storing,Barley,2023-08-12,2023-10-11,120,6000,60,55,13200.0,partial,55,330000,2023-10-11,316800.0
552,Customer_552,customer552@mail.com,sold,Maize,2024-03-23,2024-08-17,193,9650,147,29,27425.3,yes,31,0,2024-08-17,-27425.3
880,Customer_880,customer880@mail.com,sold,Rice,2023-04-27,2023-09-23,170,4250,149,59,49815.67,partial,34,144500,2023-09-23,94684.33
1375,Customer_1375,customer1375@mail.com,stored,Millet,2023-10-11,2023-12-07,22,550,57,56,2340.8,partial,42,0,2023-12-07,-2340.8
1622,Customer_1622,customer1622@mail.com,stored,Rice,2023-07-02,2023-10-29,31,1550,119,50,6148.33,no,36,0,2023-10-29,-6148.33
142,Customer_142,customer142@mail.com,stored,Sorghum,2024-03-10,2024-05-18,11,275,69,58,1467.4,partial,33,9075,2024-05-18,7607.6
529,Customer_529,customer529@mail.com,storing,Rice,2024-02-09,2024-07-05,107,2675,147,41,21496.3,yes,41,109675,2024-07-05,88178.7
653,Customer_653,customer653@mail.com,sold,Sorghum,2023-12-01,2024-01-16,192,9600,46,58,17075.2,partial,38,0,2024-01-16,-17075.2
1238,Customer_1238,customer1238@mail.com,stored,Wheat,2023-02-27,2023-06-14,19,950,107,43,2913.97,partial,37,0,2023-06-14,-2913.97
1541,Customer_1541,customer1541@mail.com,sold,Barley,2024-01-17,2024-02-03,28,700,17,45,714.0,no,40,0,2024-02-03,-714.0
43,Customer_43,customer43@mail.com,storing,Barley,2023-11-16,2023-12-21,146,7300,35,53,9027.67,no,25,182500,2023-12-21,173472.33
1896,Customer_1896,customer1896@mail.com,sold,Millet,2024-06-01,2024-08-10,37,1850,70,40,3453.33,yes,45,83250,2024-08-10,79796.67
343,Customer_343,customer343@mail.com,sold,Rice,2024-02-17,2024-07-12,12,300,146,55,3212.0,yes,39,11700,2024-07-12,8488.0
97,Customer_97,customer97@mail.com,sold,Maize,2023-06-02,2023-08-06,146,7300,65,44,13918.67,yes,43,0,2023-08-06,-13918.67
761,Customer_761,customer761@mail.com,storing,Sorghum,2023-07-03,2023-09-13,48,1200,72,25,2880.0,no,27,0,2023-09-13,-2880.0
406,Customer_406,customer406@mail.com,stored,Sorghum,2024-04-08,2024-05-25,158,7900,47,44,10891.47,yes,25,197500,2024-05-25,186608.53
1256,Customer_1256,customer1256@mail.com,stored,Millet,2023-12-27,2024-02-21,63,3150,56,27,3175.2,no,28,88200,2024-02-21,85024.8
838,Customer_838,customer838@mail.com,sold,Sorghum,2024-01-10,2024-01-20,127,3175,10,41,1735.67,partial,33,0,2024-01-20,-1735.67
1450,Customer_1450,customer1450@mail.com,sold,Maize,2023-11-25,2024-02-23,57,1425,90,44,7524.0,partial,50,0,2024-02-23,-7524.0
304,Customer_304,customer304@mail.com,storing,Millet,2023-12-15,2024-05-14,75,3750,151,52,19630.0,partial,49,183750,2024-05-14,164120.0
1645,Customer_1645,customer1645@mail.com,stored,Sorghum,2023-11-10,2023-12-22,152,7600,42,39,8299.2,yes,31,0,2023-12-22,-8299.2
58,Customer_58,customer58@mail.com,storing,Sorghum,2024-07-18,2024-11-02,197,4925,107,39,27402.7,no,46,226550,2024-11-02,199147.3
280,Customer_280,customer280@mail.com,stored,Rice,2023-02-15,2023-05-27,30,1500,101,51,5151.0,no,39,58500,2023-05-27,53349.0
16,Customer_16,customer16@mail.com,storing,Sorghum,2024-07-13,2024-11-08,15,375,118,50,2950.0,yes,40,15000,2024-11-08,12050.0
1416,Customer_1416,customer1416@mail.com,stored,Barley,2024-06-08,2024-08-29,74,3700,82,33,6674.8,no,34,125800,2024-08-29,119125.2
1458,Customer_1458,customer1458@mail.com,storing,Maize,2024-05-24,2024-11-04,77,3850,164,53,22309.47,yes,50,192500,2024-11-04,170190.53
1282,Customer_1282,customer1282@mail.com,stored,Millet,2024-08-04,2024-10-26,145,3625,83,24,9628.0,yes,34,123250,2024-10-26,113622.0
802,Customer_802,customer802@mail.com,storing,Rice,2024-01-01,2024-02-27,130,3250,57,39,9633.0,no,35,113750,2024-02-27,104117.0
19,Customer_19,customer19@mail.com,sold,Rice,2023-06-10,2023-06-25,137,3425,15,49,3356.5,partial,51,174675,2023-06-25,171318.5
1990,Customer_1990,customer1990@mail.com,stored,Millet,2024-03-04,2024-07-29,171,8550,147,50,41895.0,yes,51,436050,2024-07-29,394155.0
213,Customer_213,customer213@mail.com,sold,Sorghum,2023-05-28,2023-06-12,16,400,15,21,168.0,partial,55,22000,2023-06-12,21832.0
1860,Customer_1860,customer1860@mail.com,stored,Millet,2023-06-12,2023-11-06,156,7800,147,24,18345.6,no,25,195000,2023-11-06,176654.4
1682,Customer_1682,customer1682@mail.com,stored,Sorghum,2023-08-08,2023-10-17,176,8800,70,26,10677.33,no,51,0,2023-10-17,-10677.33
709,Customer_709,customer709@mail.com,sold,Barley,2024-04-07,2024-06-15,60,3000,69,60,8280.0,no,35,0,2024-06-15,-8280.0
554,Customer_554,customer554@mail.com,sold,Rice,2023-03-07,2023-04-29,28,1400,53,49,2423.87,yes,45,63000,2023-04-29,60576.13
1832,Customer_1832,customer1832@mail.com,sold,Millet,2024-07-05,2024-07-29,17,425,24,23,312.8,no,25,10625,2024-07-29,10312.2
1675,Customer_1675,customer1675@mail.com,storing,Wheat,2023-10-13,2023-11-04,180,4500,22,58,7656.0,partial,49,0,2023-11-04,-7656.0
938,Customer_938,customer938@mail.com,sold,Millet,2023-04-30,2023-08-04,140,7000,96,44,19712.0,yes,48,336000,2023-08-04,316288.0
1603,Customer_1603,customer1603@mail.com,sold,Rice,2024-06-01,2024-09-17,12,600,108,32,1382.4,no,40,0,2024-09-17,-1382.4
1848,Customer_1848,customer1848@mail.com,sold,Rice,2023-02-22,2023-04-23,60,3000,60,59,7080.0,no,48,0,2023-04-23,-7080.0
1112,Customer_1112,customer1112@mail.com,sold,Millet,2023-11-12,2023-12-13,18,450,31,52,967.2,yes,51,0,2023-12-13,-967.2
1803,Customer_1803,customer1803@mail.com,sold,Rice,2023-04-25,2023-05-27,113,2825,32,23,2772.27,no,41,115825,2023-05-27,113052.73
392,Customer_392,customer392@mail.com,stored,Barley,2023-12-31,2024-04-30,77,3850,121,49,15217.77,no,26,100100,2024-04-30,84882.23
789,Customer_789,customer789@mail.com,storing,Millet,2023-10-29,2024-01-31,85,2125,94,23,6125.67,partial,33,70125,2024-01-31,63999.33
1133,Customer_1133,customer1133@mail.com,sold,Sorghum,2023-08-04,2023-10-01,32,1600,58,36,2227.2,partial,42,67200,2023-10-01,64972.8
486,Customer_486,customer486@mail.com,stored,Sorghum,2023-07-26,2023-09-21,38,950,57,52,3754.4,partial,29,27550,2023-09-21,23795.6
1502,Customer_1502,customer1502@mail.com,stored,Barley,2023-10-10,2024-01-30,106,5300,112,33,13059.2,no,43,227900,2024-01-30,214840.8
1933,Customer_1933,customer1933@mail.com,sold,Wheat,2023-03-14,2023-08-08,30,750,147,31,4557.0,partial,48,0,2023-08-08,-4557.0
729,Customer_729,customer729@mail.com,stored,Rice,2023-08-17,2024-01-01,72,1800,137,38,12494.4,no,49,0,2024-01-01,-12494.4
948,Customer_948,customer948@mail.com,sold,Wheat,2024-02-24,2024-08-15,79,3950,173,57,25967.3,partial,34,134300,2024-08-15,108332.7
970,Customer_970,customer970@mail.com,stored,Millet,2023-04-16,2023-06-19,184,4600,64,39,15308.8,yes,49,0,2023-06-19,-15308.8
1290,Customer_1290,customer1290@mail.com,stored,Barley,2023-02-12,2023-04-27,95,4750,74,52,12185.33,partial,32,0,2023-04-27,-12185.33
16,Customer_16,customer16@mail.com,storing,Barley,2023-04-12,2023-08-29,131,3275,139,29,17602.03,yes,45,147375,2023-08-29,129772.97
1390,Customer_1390,customer1390@mail.com,sold,Wheat,2024-02-27,2024-03-10,176,4400,12,28,1971.2,yes,41,180400,2024-03-10,178428.8
830,Customer_830,customer830@mail.com,storing,Rice,2023-08-16,2023-12-12,60,1500,118,48,11328.0,yes,48,72000,2023-12-12,60672.0
1378,Customer_1378,customer1378@mail.com,storing,Barley,2023-05-29,2023-06-29,26,1300,31,36,967.2,yes,48,0,2023-06-29,-967.2
1839,Customer_1839,customer1839@mail.com,storing,Sorghum,2023-08-24,2023-12-27,32,800,125,27,3600.0,yes,28,22400,2023-12-27,18800.0
1943,Customer_1943,customer1943@mail.com,storing,Maize,2024-01-23,2024-05-09,114,2850,107,21,8538.6,no,38,108300,2024-05-09,99761.4
1985,Customer_1985,customer1985@mail.com,stored,Sorghum,2023-08-12,2023-12-26,198,4950,136,46,41289.6,no,38,0,2023-12-26,-41289.6
1094,Customer_1094,customer1094@mail.com,storing,Barley,2023-05-21,2023-11-14,132,3300,177,57,44391.6,partial,54,0,2023-11-14,-44391.6
615,Customer_615,customer615@mail.com,sold,Maize,2024-03-13,2024-06-14,193,9650,93,53,31709.9,partial,30,0,2024-06-14,-31709.9
1249,Customer_1249,customer1249@mail.com,sold,Barley,2024-05-29,2024-07-03,92,4600,35,20,2146.67,partial,41,0,2024-07-03,-2146.67
1708,Customer_1708,customer1708@mail.com,storing,Sorghum,2024-01-03,2024-02-04,92,4600,32,53,5201.07,no,55,253000,2024-02-04,247798.93
624,Customer_624,customer624@mail.com,stored,Maize,2023-08-21,2024-02-05,191,9550,168,54,57758.4,no,27,0,2024-02-05,-57758.4
1431,Customer_1431,customer1431@mail.com,storing,Barley,2023-06-24,2023-08-19,146,7300,56,55,14989.33,partial,38,277400,2023-08-19,262410.67
1577,Customer_1577,customer1577@mail.com,stored,Barley,2024-05-21,2024-10-08,160,8000,140,32,23893.33,yes,30,0,2024-10-08,-23893.33
848,Customer_848,customer848@mail.com,stored,Wheat,2023-09-24,2023-11-27,105,5250,64,27,6048.0,yes,37,0,2023-11-27,-6048.0
673,Customer_673,customer673@mail.com,stored,Rice,2023-09-03,2023-09-30,112,2800,27,23,2318.4,no,46,128800,2023-09-30,126481.6
1501,Customer_1501,customer1501@mail.com,storing,Wheat,2023-07-18,2023-12-05,57,1425,140,57,15162.0,partial,54,76950,2023-12-05,61788.0
1991,Customer_1991,customer1991@mail.com,storing,Barley,2023-06-30,2023-09-25,21,525,87,40,2436.0,yes,43,22575,2023-09-25,20139.0
510,Customer_510,customer510@mail.com,stored,Sorghum,2023-12-22,2024-06-12,126,3150,173,28,20344.8,yes,27,85050,2024-06-12,64705.2
758,Customer_758,customer758@mail.com,stored,Wheat,2023-07-14,2023-08-19,53,1325,36,43,2734.8,partial,50,66250,2023-08-19,63515.2
557,Customer_557,customer557@mail.com,stored,Sorghum,2023-05-20,2023-07-15,184,9200,56,53,18203.73,yes,29,266800,2023-07-15,248596.27
1390,Customer_1390,customer1390@mail.com,sold,Wheat,2023-05-08,2023-09-18,102,5100,133,25,11305.0,partial,46,234600,2023-09-18,223295.0
385,Customer_385,customer385@mail.com,stored,Sorghum,2023-10-19,2024-03-01,86,2150,134,37,14212.93,yes,34,0,2024-03-01,-14212.93
1243,Customer_1243,customer1243@mail.com,stored,Millet,2023-01-26,2023-02-21,66,3300,26,36,2059.2,no,38,0,2023-02-21,-2059.2
224,Customer_224,customer224@mail.com,sold,Wheat,2024-03-27,2024-04-20,185,4625,24,52,7696.0,no,47,217375,2024-04-20,209679.0
991,Customer_991,customer991@mail.com,storing,Rice,2023-12-08,2024-03-04,11,275,87,35,1116.5,partial,54,0,2024-03-04,-1116.5
1536,Customer_1536,customer1536@mail.com,stored,Sorghum,2024-06-04,2024-11-15,56,1400,164,39,11939.2,partial,52,0,2024-11-15,-11939.2
468,Customer_468,customer468@mail.com,stored,Maize,2023-10-09,2024-03-01,114,2850,144,37,20246.4,partial,31,88350,2024-03-01,68103.6
1994,Customer_1994,customer1994@mail.com,stored,Sorghum,2023-06-28,2023-07-24,27,1350,26,22,514.8,yes,40,0,2023-07-24,-514.8
1341,Customer_1341,customer1341@mail.com,sold,Maize,2023-10-16,2024-04-12,189,4725,179,32,36086.4,yes,55,259875,2024-04-12,223788.6
940,Customer_940,customer940@mail.com,stored,Sorghum,2024-06-14,2024-07-13,193,9650,29,24,4477.6,yes,37,0,2024-07-13,-4477.6
1921,Customer_1921,customer1921@mail.com,sold,Rice,2024-07-15,2024-09-14,190,9500,61,25,9658.33,no,52,494000,2024-09-14,484341.67
1605,Customer_1605,customer1605@mail.com,storing,Maize,2023-08-13,2023-09-04,110,5500,22,55,4436.67,yes,44,242000,2023-09-04,237563.33
1277,Customer_1277,customer1277@mail.com,stored,Rice,2024-01-17,2024-03-14,16,400,57,49,1489.6,partial,49,19600,2024-03-14,18110.4
1715,Customer_1715,customer1715@mail.com,stored,Wheat,2023-07-23,2023-10-16,52,1300,85,22,3241.33,yes,36,46800,2023-10-16,43558.67
1122,Customer_1122,customer1122@mail.com,stored,Millet,2023-01-20,2023-02-19,185,4625,30,23,4255.0,partial,28,129500,2023-02-19,125245.0
1138,Customer_1138,customer1138@mail.com,stored,Sorghum,2024-08-05,2024-10-09,50,2500,65,20,2166.67,no,55,0,2024-10-09,-2166.67
791,Customer_791,customer791@mail.com,storing,Barley,2023-06-28,2023-11-02,11,275,127,38,1769.53,no,42,0,2023-11-02,-1769.53
122,Customer_122,customer122@mail.com,stored,Millet,2024-03-23,2024-06-11,101,2525,80,30,8080.0,no,28,70700,2024-06-11,62620.0
711,Customer_711,customer711@mail.com,storing,Maize,2023-04-19,2023-07-27,133,3325,99,23,10094.7,partial,40,133000,2023-07-27,122905.3
1142,Customer_1142,customer1142@mail.com,storing,Maize,2023-11-10,2023-11-30,54,2700,20,21,756.0,no,34,91800,2023-11-30,91044.0
527,Customer_527,customer527@mail.com,stored,Rice,2023-11-14,2024-01-03,11,275,50,32,586.67,no,25,6875,2024-01-03,6288.33
367,Customer_367,customer367@mail.com,storing,Maize,2023-04-25,2023-10-18,145,7250,176,58,49338.67,partial,37,0,2023-10-18,-49338.67
631,Customer_631,customer631@mail.com,sold,Maize,2023-03-05,2023-08-08,84,2100,156,41,17908.8,partial,54,0,2023-08-08,-17908.8
1470,Customer_1470,customer1470@mail.com,storing,Rice,2024-03-29,2024-07-17,104,2600,110,23,8770.67,partial,35,0,2024-07-17,-8770.67
392,Customer_392,customer392@mail.com,stored,Sorghum,2024-01-30,2024-06-10,94,2350,132,58,23988.8,partial,44,0,2024-06-10,-23988.8
505,Customer_505,customer505@mail.com,sold,Sorghum,2024-08-11,2025-01-30,84,2100,172,28,13484.8,yes,47,98700,2025-01-30,85215.2
1302,Customer_1302,customer1302@mail.com,sold,Wheat,2023-11-30,2023-12-15,106,5300,15,38,2014.0,partial,38,201400,2023-12-15,199386.0
1510,Customer_1510,customer1510@mail.com,storing,Millet,2024-05-02,2024-07-29,18,450,88,25,1320.0,partial,48,0,2024-07-29,-1320.0
1469,Customer_1469,customer1469@mail.com,stored,Maize,2023-02-05,2023-04-26,136,6800,80,21,7616.0,partial,49,333200,2023-04-26,325584.0
776,Customer_776,customer776@mail.com,stored,Wheat,2023-12-25,2024-05-19,49,1225,146,36,8584.8,partial,41,50225,2024-05-19,41640.2
409,Customer_409,customer409@mail.com,sold,Barley,2024-08-08,2024-09-25,71,1775,48,46,5225.6,partial,40,71000,2024-09-25,65774.4
1276,Customer_1276,customer1276@mail.com,stored,Sorghum,2023-03-26,2023-09-12,181,9050,170,60,61540.0,partial,37,334850,2023-09-12,273310.0
1611,Customer_1611,customer1611@mail.com,stored,Sorghum,2024-01-24,2024-03-22,180,9000,58,53,18444.0,yes,42,0,2024-03-22,-18444.0
854,Customer_854,customer854@mail.com,sold,Barley,2023-12-30,2024-05-02,178,4450,124,21,15450.4,partial,27,120150,2024-05-02,104699.6
106,Customer_106,customer106@mail.com,sold,Rice,2023-12-05,2024-04-28,141,3525,145,51,34756.5,yes,35,123375,2024-04-28,88618.5
409,Customer_409,customer409@mail.com,storing,Wheat,2024-08-06,2024-12-22,196,9800,138,36,32457.6,yes,39,382200,2024-12-22,349742.4
1119,Customer_1119,customer1119@mail.com,storing,Sorghum,2024-05-11,2024-10-20,45,1125,162,40,9720.0,no,41,46125,2024-10-20,36405.0
965,Customer_965,customer965@mail.com,storing,Barley,2024-08-13,2024-11-22,11,550,101,34,1259.13,no,33,18150,2024-11-22,16890.87
1922,Customer_1922,customer1922@mail.com,stored,Sorghum,2024-02-25,2024-06-12,173,8650,108,60,37368.0,yes,35,302750,2024-06-12,265382.0
194,Customer_194,customer194@mail.com,sold,Barley,2023-01-27,2023-05-22,176,8800,115,27,18216.0,no,43,378400,2023-05-22,360184.0
327,Customer_327,customer327@mail.com,sold,Maize,2023-11-27,2024-05-19,152,7600,174,26,22921.6,partial,29,0,2024-05-19,-22921.6
798,Customer_798,customer798@mail.com,storing,Rice,2024-05-03,2024-07-31,137,6850,89,53,21540.97,no,39,267150,2024-07-31,245609.03
206,Customer_206,customer206@mail.com,storing,Rice,2023-07-16,2023-11-18,106,2650,125,50,22083.33,partial,43,0,2023-11-18,-22083.33
1472,Customer_1472,customer1472@mail.com,sold,Sorghum,2024-06-18,2024-11-13,111,5550,148,28,15332.8,yes,44,0,2024-11-13,-15332.8
1840,Customer_1840,customer1840@mail.com,stored,Millet,2023-06-05,2023-08-22,35,1750,78,51,4641.0,no,35,0,2023-08-22,-4641.0
1751,Customer_1751,customer1751@mail.com,stored,Wheat,2023-02-14,2023-03-06,73,3650,20,42,2044.0,no,43,156950,2023-03-06,154906.0
1179,Customer_1179,customer1179@mail.com,storing,Wheat,2023-08-28,2023-09-10,103,2575,13,24,1071.2,no,45,0,2023-09-10,-1071.2
314,Customer_314,customer314@mail.com,sold,Maize,2023-05-23,2023-07-23,108,2700,61,47,10321.2,yes,28,0,2023-07-23,-10321.2
1849,Customer_1849,customer1849@mail.com,stored,Millet,2023-07-04,2023-08-28,127,3175,55,44,10244.67,no,35,111125,2023-08-28,100880.33
1422,Customer_1422,customer1422@mail.com,stored,Barley,2024-01-31,2024-07-01,70,1750,152,43,15250.67,yes,54,0,2024-07-01,-15250.67
1177,Customer_1177,customer1177@mail.com,sold,Maize,2023-05-09,2023-10-31,151,7550,175,32,28186.67,yes,37,0,2023-10-31,-28186.67
1576,Customer_1576,customer1576@mail.com,sold,Sorghum,2024-03-08,2024-06-29,22,550,113,28,2320.27,no,36,0,2024-06-29,-2320.27
312,Customer_312,customer312@mail.com,storing,Barley,2024-05-17,2024-06-13,77,3850,27,35,2425.5,no,54,207900,2024-06-13,205474.5
608,Customer_608,customer608@mail.com,sold,Maize,2024-02-25,2024-04-15,140,7000,50,50,11666.67,yes,54,378000,2024-04-15,366333.33
603,Customer_603,customer603@mail.com,storing,Maize,2024-04-01,2024-05-24,103,5150,53,29,5277.03,no,51,0,2024-05-24,-5277.03
918,Customer_918,customer918@mail.com,stored,Sorghum,2023-03-26,2023-05-01,93,2325,36,50,5580.0,partial,47,109275,2023-05-01,103695.0
898,Customer_898,customer898@mail.com,storing,Millet,2023-03-13,2023-08-06,26,1300,146,37,4681.73,partial,38,49400,2023-08-06,44718.27
1175,Customer_1175,customer1175@mail.com,sold,Sorghum,2024-05-25,2024-07-23,111,5550,59,50,10915.0,yes,47,0,2024-07-23,-10915.0
38,Customer_38,customer38@mail.com,storing,Wheat,2023-03-13,2023-07-15,125,6250,124,35,18083.33,no,35,218750,2023-07-15,200666.67
1628,Customer_1628,customer1628@mail.com,stored,Wheat,2023-08-04,2023-09-07,190,9500,34,54,11628.0,partial,47,446500,2023-09-07,434872.0
1499,Customer_1499,customer1499@mail.com,stored,Barley,2024-04-26,2024-09-18,96,4800,145,39,18096.0,no,44,0,2024-09-18,-18096.0
436,Customer_436,customer436@mail.com,storing,Rice,2023-01-09,2023-06-03,105,5250,145,41,20807.5,yes,38,199500,2023-06-03,178692.5
284,Customer_284,customer284@mail.com,stored,Wheat,2024-08-08,2024-10-04,22,1100,57,20,836.0,partial,47,51700,2024-10-04,50864.0
1504,Customer_1504,customer1504@mail.com,storing,Sorghum,2024-08-02,2024-08-23,13,325,21,28,254.8,yes,29,0,2024-08-23,-254.8
1691,Customer_1691,customer1691@mail.com,sold,Sorghum,2023-06-20,2023-07-26,96,2400,36,39,4492.8,partial,28,0,2023-07-26,-4492.8
427,Customer_427,customer427@mail.com,stored,Sorghum,2024-05-18,2024-06-10,131,3275,23,51,5122.1,yes,43,0,2024-06-10,-5122.1
1977,Customer_1977,customer1977@mail.com,storing,Millet,2023-05-07,2023-08-05,100,5000,90,25,7500.0,partial,35,175000,2023-08-05,167500.0
1414,Customer_1414,customer1414@mail.com,storing,Wheat,2024-04-01,2024-05-26,126,6300,55,51,11781.0,partial,36,226800,2024-05-26,215019.0
904,Customer_904,customer904@mail.com,storing,Wheat,2024-02-25,2024-03-28,151,3775,32,33,5315.2,no,32,120800,2024-03-28,115484.8
914,Customer_914,customer914@mail.com,sold,Sorghum,2024-03-08,2024-05-30,183,9150,83,34,17214.2,no,35,0,2024-05-30,-17214.2
997,Customer_997,customer997@mail.com,stored,Rice,2024-03-11,2024-06-23,92,4600,104,50,15946.67,yes,32,147200,2024-06-23,131253.33
1062,Customer_1062,customer1062@mail.com,storing,Rice,2024-05-22,2024-10-08,45,2250,139,58,12093.0,yes,55,0,2024-10-08,-12093.0
1271,Customer_1271,customer1271@mail.com,storing,Wheat,2024-04-05,2024-09-21,76,3800,169,52,22262.93,partial,45,0,2024-09-21,-22262.93
116,Customer_116,customer116@mail.com,sold,Rice,2023-11-23,2024-02-16,34,850,85,54,5202.0,partial,39,0,2024-02-16,-5202.0
68,Customer_68,customer68@mail.com,storing,Barley,2023-07-03,2023-07-29,78,1950,26,21,1419.6,partial,52,101400,2023-07-29,99980.4
136,Customer_136,customer136@mail.com,stored,Rice,2023-05-09,2023-05-25,195,4875,16,45,4680.0,no,55,268125,2023-05-25,263445.0
1969,Customer_1969,customer1969@mail.com,sold,Maize,2023-09-02,2023-09-17,16,800,15,41,328.0,partial,38,0,2023-09-17,-328.0
270,Customer_270,customer270@mail.com,storing,Wheat,2024-07-22,2024-10-29,87,2175,99,39,11196.9,partial,28,60900,2024-10-29,49703.1
1419,Customer_1419,customer1419@mail.com,stored,Rice,2023-08-02,2023-12-13,130,6500,133,58,33427.33,yes,45,292500,2023-12-13,259072.67
337,Customer_337,customer337@mail.com,sold,Rice,2023-06-13,2023-09-19,85,2125,98,20,5553.33,yes,45,0,2023-09-19,-5553.33
1414,Customer_1414,customer1414@mail.com,stored,Maize,2024-05-04,2024-10-13,48,1200,162,28,7257.6,yes,30,0,2024-10-13,-7257.6
1810,Customer_1810,customer1810@mail.com,stored,Wheat,2024-03-11,2024-04-24,66,3300,44,25,2420.0,yes,35,0,2024-04-24,-2420.0
777,Customer_777,customer777@mail.com,storing,Maize,2023-07-29,2023-08-25,174,4350,27,20,3132.0,yes,48,208800,2023-08-25,205668.0
1844,Customer_1844,customer1844@mail.com,storing,Wheat,2023-12-23,2024-01-24,68,3400,32,34,2466.13,yes,44,149600,2024-01-24,147133.87
1403,Customer_1403,customer1403@mail.com,storing,Wheat,2023-11-08,2024-04-06,122,6100,150,33,20130.0,yes,43,262300,2024-04-06,242170.0
1331,Customer_1331,customer1331@mail.com,stored,Maize,2024-03-15,2024-08-09,163,4075,147,43,34344.1,partial,26,0,2024-08-09,-34344.1
609,Customer_609,customer609@mail.com,stored,Wheat,2023-08-04,2024-01-24,129,6450,173,30,22317.0,no,51,328950,2024-01-24,306633.0
1405,Customer_1405,customer1405@mail.com,stored,Rice,2023-04-27,2023-07-01,47,2350,65,41,4175.17,partial,50,117500,2023-07-01,113324.83
1156,Customer_1156,customer1156@mail.com,stored,Millet,2023-09-08,2023-11-06,64,3200,59,34,4279.47,partial,42,134400,2023-11-06,130120.53
86,Customer_86,customer86@mail.com,storing,Maize,2023-04-18,2023-05-31,177,8850,43,34,8625.8,no,40,0,2023-05-31,-8625.8
707,Customer_707,customer707@mail.com,sold,Rice,2024-01-16,2024-05-21,68,3400,126,60,17136.0,partial,49,166600,2024-05-21,149464.0
1555,Customer_1555,customer1555@mail.com,stored,Millet,2024-03-22,2024-07-14,95,2375,114,29,10469.0,yes,38,90250,2024-07-14,79781.0
1229,Customer_1229,customer1229@mail.com,stored,Rice,2023-03-31,2023-04-15,48,2400,15,58,1392.0,partial,31,74400,2023-04-15,73008.0
933,Customer_933,customer933@mail.com,sold,Wheat,2023-01-28,2023-05-05,37,1850,97,28,3349.73,no,54,0,2023-05-05,-3349.73
401,Customer_401,customer401@mail.com,stored,Sorghum,2024-07-25,2024-08-31,159,3975,37,45,8824.5,partial,45,178875,2024-08-31,170050.5
1222,Customer_1222,customer1222@mail.com,stored,Maize,2023-02-20,2023-04-29,118,5900,68,54,14443.2,yes,26,153400,2023-04-29,138956.8
1019,Customer_1019,customer1019@mail.com,sold,Rice,2023-05-15,2023-07-17,117,5850,63,52,12776.4,no,55,0,2023-07-17,-12776.4
804,Customer_804,customer804@mail.com,stored,Rice,2024-08-16,2024-10-21,108,2700,66,43,10216.8,partial,37,0,2024-10-21,-10216.8
1396,Customer_1396,customer1396@mail.com,sold,Barley,2024-06-28,2024-11-25,35,875,150,47,8225.0,no,38,33250,2024-11-25,25025.0
799,Customer_799,customer799@mail.com,sold,Sorghum,2023-03-03,2023-04-04,29,1450,32,30,928.0,partial,27,0,2023-04-04,-928.0
273,Customer_273,customer273@mail.com,storing,Sorghum,2024-02-22,2024-03-05,22,1100,12,27,237.6,partial,25,27500,2024-03-05,27262.4
683,Customer_683,customer683@mail.com,storing,Barley,2024-04-23,2024-06-04,167,8350,42,26,6078.8,yes,49,0,2024-06-04,-6078.8
248,Customer_248,customer248@mail.com,sold,Rice,2023-01-19,2023-02-23,24,600,35,41,1148.0,no,28,16800,2023-02-23,15652.0
134,Customer_134,customer134@mail.com,storing,Millet,2024-05-21,2024-07-30,185,4625,70,33,14245.0,no,55,0,2024-07-30,-14245.0
590,Customer_590,customer590@mail.com,sold,Sorghum,2023-05-19,2023-11-09,42,2100,174,48,11692.8,no,35,73500,2023-11-09,61807.2
1507,Customer_1507,customer1507@mail.com,stored,Millet,2024-05-17,2024-08-11,75,1875,86,38,8170.0,yes,45,84375,2024-08-11,76205.0
79,Customer_79,customer79@mail.com,stored,Rice,2023-08-31,2023-09-23,134,6700,23,40,4109.33,partial,52,0,2023-09-23,-4109.33
885,Customer_885,customer885@mail.com,stored,Rice,2024-05-16,2024-10-17,62,3100,154,56,17822.93,no,29,0,2024-10-17,-17822.93
149,Customer_149,customer149@mail.com,storing,Barley,2023-06-20,2023-11-03,49,1225,136,48,10662.4,partial,51,62475,2023-11-03,51812.6
625,Customer_625,customer625@mail.com,stored,Maize,2023-08-28,2023-09-29,25,1250,32,56,1493.33,partial,48,0,2023-09-29,-1493.33
1457,Customer_1457,customer1457@mail.com,storing,Sorghum,2023-06-12,2023-11-03,133,3325,144,58,37027.2,yes,33,0,2023-11-03,-37027.2
1003,Customer_1003,customer1003@mail.com,storing,Barley,2023-03-26,2023-09-15,93,2325,173,38,20379.4,yes,52,120900,2023-09-15,100520.6
104,Customer_104,customer104@mail.com,storing,Millet,2024-05-07,2024-09-03,130,3250,119,25,12891.67,yes,27,0,2024-09-03,-12891.67
1331,Customer_1331,customer1331@mail.com,stored,Maize,2023-08-09,2023-09-17,121,6050,39,23,3617.9,no,51,308550,2023-09-17,304932.1
317,Customer_317,customer317@mail.com,stored,Rice,2024-08-01,2024-09-07,63,3150,37,59,4584.3,yes,47,148050,2024-09-07,143465.7
198,Customer_198,customer198@mail.com,storing,Millet,2023-06-04,2023-07-25,54,2700,51,45,4131.0,partial,31,0,2023-07-25,-4131.0
695,Customer_695,customer695@mail.com,storing,Wheat,2024-05-24,2024-07-21,200,5000,58,44,17013.33,no,31,155000,2024-07-21,137986.67
1167,Customer_1167,customer1167@mail.com,sold,Rice,2023-05-27,2023-08-28,187,4675,93,33,19130.1,partial,42,0,2023-08-28,-19130.1
1218,Customer_1218,customer1218@mail.com,storing,Maize,2024-02-17,2024-04-20,72,3600,63,45,6804.0,yes,37,133200,2024-04-20,126396.0
772,Customer_772,customer772@mail.com,storing,Wheat,2024-01-08,2024-01-31,155,3875,23,57,6773.5,partial,38,0,2024-01-31,-6773.5
1666,Customer_1666,customer1666@mail.com,sold,Millet,2023-10-12,2023-11-07,21,1050,26,42,764.4,partial,32,0,2023-11-07,-764.4
1503,Customer_1503,customer1503@mail.com,storing,Rice,2023-05-25,2023-09-22,56,1400,120,26,5824.0,no,27,37800,2023-09-22,31976.0
785,Customer_785,customer785@mail.com,stored,Maize,2024-04-20,2024-05-24,33,1650,34,34,1271.6,partial,46,0,2024-05-24,-1271.6
1191,Customer_1191,customer1191@mail.com,storing,Rice,2023-05-05,2023-08-29,199,9950,116,53,40781.73,yes,45,0,2023-08-29,-40781.73
1163,Customer_1163,customer1163@mail.com,stored,Barley,2024-01-20,2024-02-08,77,1925,19,33,1609.3,no,50,0,2024-02-08,-1609.3
336,Customer_336,customer336@mail.com,stored,Sorghum,2023-07-07,2023-10-20,166,4150,105,41,23821.0,partial,51,211650,2023-10-20,187829.0
1266,Customer_1266,customer1266@mail.com,stored,Millet,2023-12-12,2024-03-28,121,6050,107,50,21578.33,partial,50,0,2024-03-28,-21578.33
1716,Customer_1716,customer1716@mail.com,storing,Millet,2023-12-23,2024-03-18,32,800,86,28,2568.53,no,45,36000,2024-03-18,33431.47
1527,Customer_1527,customer1527@mail.com,sold,Maize,2024-06-15,2024-06-29,46,2300,14,22,472.27,yes,30,0,2024-06-29,-472.27
1202,Customer_1202,customer1202@mail.com,sold,Barley,2023-07-16,2023-10-09,158,7900,85,44,19697.33,partial,33,260700,2023-10-09,241002.67
940,Customer_940,customer940@mail.com,storing,Wheat,2023-04-24,2023-09-19,74,1850,148,45,16428.0,partial,29,53650,2023-09-19,37222.0
1630,Customer_1630,customer1630@mail.com,stored,Sorghum,2023-05-02,2023-08-23,145,7250,113,37,20208.17,no,30,0,2023-08-23,-20208.17
57,Customer_57,customer57@mail.com,storing,Maize,2023-05-20,2023-07-11,90,4500,52,35,5460.0,partial,52,234000,2023-07-11,228540.0
820,Customer_820,customer820@mail.com,stored,Barley,2023-06-25,2023-08-02,29,725,38,38,1395.87,partial,54,0,2023-08-02,-1395.87
1270,Customer_1270,customer1270@mail.com,sold,Barley,2023-08-10,2023-10-17,89,4450,68,36,7262.4,no,45,200250,2023-10-17,192987.6
78,Customer_78,customer78@mail.com,storing,Rice,2024-06-23,2024-12-12,18,450,172,25,2580.0,no,39,17550,2024-12-12,14970.0
1063,Customer_1063,customer1063@mail.com,storing,Sorghum,2023-09-14,2023-10-22,52,2600,38,38,2502.93,no,31,80600,2023-10-22,78097.07
368,Customer_368,customer368@mail.com,stored,Sorghum,2023-11-20,2024-01-19,128,3200,60,39,9984.0,no,31,99200,2024-01-19,89216.0
1585,Customer_1585,customer1585@mail.com,sold,Rice,2024-05-12,2024-10-11,15,750,152,56,4256.0,yes,41,0,2024-10-11,-4256.0
1318,Customer_1318,customer1318@mail.com,sold,Maize,2023-07-11,2023-11-01,110,2750,113,20,8286.67,no,55,151250,2023-11-01,142963.33
1244,Customer_1244,customer1244@mail.com,storing,Maize,2023-08-11,2023-10-29,146,3650,79,58,22299.07,yes,40,0,2023-10-29,-22299.07
1163,Customer_1163,customer1163@mail.com,sold,Wheat,2023-03-05,2023-05-24,133,3325,80,22,7802.67,yes,37,0,2023-05-24,-7802.67
589,Customer_589,customer589@mail.com,sold,Wheat,2023-06-03,2023-10-14,106,2650,133,45,21147.0,yes,42,0,2023-10-14,-21147.0
954,Customer_954,customer954@mail.com,stored,Maize,2024-01-14,2024-06-25,174,8700,163,29,27416.6,partial,53,461100,2024-06-25,433683.4
375,Customer_375,customer375@mail.com,sold,Barley,2024-08-15,2024-10-27,14,700,73,57,1941.8,partial,55,38500,2024-10-27,36558.2
1391,Customer_1391,customer1391@mail.com,storing,Wheat,2023-06-02,2023-10-30,24,1200,150,48,5760.0,yes,32,38400,2023-10-30,32640.0
1748,Customer_1748,customer1748@mail.com,sold,Millet,2024-01-25,2024-04-30,84,2100,96,25,6720.0,yes,28,0,2024-04-30,-6720.0
915,Customer_915,customer915@mail.com,stored,Sorghum,2024-05-24,2024-08-08,90,2250,76,36,8208.0,partial,53,0,2024-08-08,-8208.0
1011,Customer_1011,customer1011@mail.com,stored,Maize,2023-10-09,2023-11-26,38,950,48,51,3100.8,no,37,35150,2023-11-26,32049.2
1813,Customer_1813,customer1813@mail.com,sold,Barley,2024-04-17,2024-05-04,34,1700,17,37,712.87,partial,28,47600,2024-05-04,46887.13
179,Customer_179,customer179@mail.com,sold,Millet,2023-02-02,2023-05-11,40,2000,98,22,2874.67,no,27,0,2023-05-11,-2874.67
1276,Customer_1276,customer1276@mail.com,storing,Maize,2023-04-27,2023-10-12,57,1425,168,36,11491.2,no,26,37050,2023-10-12,25558.8
466,Customer_466,customer466@mail.com,stored,Rice,2023-02-20,2023-07-29,64,1600,159,59,20012.8,yes,44,70400,2023-07-29,50387.2
1393,Customer_1393,customer1393@mail.com,storing,Wheat,2023-09-14,2023-11-20,48,2400,67,44,4716.8,yes,32,76800,2023-11-20,72083.2
1709,Customer_1709,customer1709@mail.com,storing,Maize,2023-12-29,2024-02-01,74,1850,34,49,4109.47,yes,42,77700,2024-02-01,73590.53
1374,Customer_1374,customer1374@mail.com,sold,Maize,2024-07-21,2024-09-16,194,4850,57,26,9583.6,yes,38,184300,2024-09-16,174716.4
173,Customer_173,customer173@mail.com,stored,Sorghum,2023-10-12,2023-11-29,67,1675,48,57,6110.4,yes,35,0,2023-11-29,-6110.4
680,Customer_680,customer680@mail.com,sold,Wheat,2023-06-26,2023-08-05,157,3925,40,48,10048.0,partial,42,164850,2023-08-05,154802.0
1921,Customer_1921,customer1921@mail.com,storing,Sorghum,2023-08-20,2024-02-05,65,1625,169,43,15745.17,partial,34,55250,2024-02-05,39504.83
1643,Customer_1643,customer1643@mail.com,stored,Sorghum,2023-01-16,2023-04-13,99,4950,87,49,14067.9,yes,47,0,2023-04-13,-14067.9
645,Customer_645,customer645@mail.com,stored,Maize,2024-05-14,2024-05-31,37,1850,17,54,1132.2,yes,43,79550,2024-05-31,78417.8
1618,Customer_1618,customer1618@mail.com,stored,Wheat,2023-01-25,2023-04-20,122,3050,85,36,12444.0,yes,43,0,2023-04-20,-12444.0
465,Customer_465,customer465@mail.com,sold,Maize,2023-12-19,2024-01-22,113,5650,34,25,3201.67,yes,53,299450,2024-01-22,296248.33
107,Customer_107,customer107@mail.com,storing,Barley,2024-02-26,2024-06-13,196,9800,108,55,38808.0,yes,51,0,2024-06-13,-38808.0
20,Customer_20,customer20@mail.com,sold,Millet,2023-11-24,2024-02-21,191,4775,89,33,18698.9,no,30,0,2024-02-21,-18698.9
1095,Customer_1095,customer1095@mail.com,storing,Sorghum,2024-07-08,2024-10-22,200,10000,106,55,38866.67,partial,52,520000,2024-10-22,481133.33
195,Customer_195,customer195@mail.com,storing,Wheat,2023-12-30,2024-03-15,49,2450,76,54,6703.2,yes,46,0,2024-03-15,-6703.2
2000,Customer_2000,customer2000@mail.com,stored,Maize,2023-07-09,2023-08-27,130,3250,49,49,10404.33,no,29,0,2023-08-27,-10404.33
386,Customer_386,customer386@mail.com,sold,Rice,2024-03-10,2024-04-17,29,725,38,24,881.6,no,30,21750,2024-04-17,20868.4
741,Customer_741,customer741@mail.com,sold,Wheat,2024-03-26,2024-06-30,143,3575,96,24,10982.4,partial,25,89375,2024-06-30,78392.6
1602,Customer_1602,customer1602@mail.com,stored,Millet,2024-02-05,2024-03-24,135,3375,48,43,9288.0,partial,46,0,2024-03-24,-9288.0
1863,Customer_1863,customer1863@mail.com,stored,Rice,2023-09-24,2023-12-08,20,500,75,55,2750.0,partial,53,26500,2023-12-08,23750.0
600,Customer_600,customer600@mail.com,sold,Wheat,2024-05-25,2024-10-29,90,2250,157,54,25434.0,partial,45,101250,2024-10-29,75816.0
890,Customer_890,customer890@mail.com,stored,Millet,2024-08-02,2024-09-01,14,700,30,27,378.0,yes,46,0,2024-09-01,-378.0
1009,Customer_1009,customer1009@mail.com,sold,Wheat,2023-04-30,2023-07-03,32,800,64,34,2321.07,no,41,0,2023-07-03,-2321.07
361,Customer_361,customer361@mail.com,stored,Maize,2024-07-09,2024-11-22,10,500,136,25,1133.33,yes,45,22500,2024-11-22,21366.67
438,Customer_438,customer438@mail.com,storing,Sorghum,2023-08-13,2023-11-07,79,3950,86,33,7473.4,no,28,110600,2023-11-07,103126.6
63,Customer_63,customer63@mail.com,sold,Millet,2024-06-15,2024-09-26,40,1000,103,21,2884.0,yes,51,51000,2024-09-26,48116.0
929,Customer_929,customer929@mail.com,sold,Barley,2023-01-27,2023-06-15,72,1800,139,55,18348.0,no,40,0,2023-06-15,-18348.0
1172,Customer_1172,customer1172@mail.com,sold,Wheat,2023-01-02,2023-05-20,16,400,138,24,1766.4,partial,53,21200,2023-05-20,19433.6
55,Customer_55,customer55@mail.com,storing,Barley,2023-05-30,2023-11-25,140,3500,179,48,40096.0,yes,35,122500,2023-11-25,82404.0
1673,Customer_1673,customer1673@mail.com,stored,Rice,2023-03-23,2023-09-10,44,2200,171,55,13794.0,yes,28,61600,2023-09-10,47806.0
287,Customer_287,customer287@mail.com,sold,Sorghum,2023-02-20,2023-06-18,78,1950,118,46,14112.8,yes,39,0,2023-06-18,-14112.8
65,Customer_65,customer65@mail.com,storing,Barley,2024-08-09,2024-09-10,119,5950,32,23,2919.47,no,44,261800,2024-09-10,258880.53
1160,Customer_1160,customer1160@mail.com,storing,Maize,2023-09-22,2023-11-26,14,350,65,45,1365.0,no,52,0,2023-11-26,-1365.0
1662,Customer_1662,customer1662@mail.com,storing,Millet,2024-04-02,2024-05-01,139,6950,29,28,3762.27,yes,36,250200,2024-05-01,246437.73
20,Customer_20,customer20@mail.com,sold,Maize,2023-12-06,2024-06-01,104,5200,178,23,14192.53,partial,46,0,2024-06-01,-14192.53
593,Customer_593,customer593@mail.com,sold,Sorghum,2024-03-03,2024-08-11,199,9950,161,44,46990.53,partial,44,0,2024-08-11,-46990.53
1410,Customer_1410,customer1410@mail.com,stored,Maize,2024-01-04,2024-02-20,24,600,47,43,1616.8,partial,29,0,2024-02-20,-1616.8
1706,Customer_1706,customer1706@mail.com,sold,Sorghum,2023-08-12,2023-11-17,24,600,97,37,2871.2,yes,44,0,2023-11-17,-2871.2
1700,Customer_1700,customer1700@mail.com,sold,Sorghum,2024-08-05,2024-12-07,87,4350,124,49,17620.4,partial,29,126150,2024-12-07,108529.6
715,Customer_715,customer715@mail.com,sold,Millet,2023-09-18,2024-02-13,70,1750,148,56,19338.67,no,42,73500,2024-02-13,54161.33
1893,Customer_1893,customer1893@mail.com,stored,Barley,2024-06-28,2024-08-09,69,3450,42,26,2511.6,yes,49,169050,2024-08-09,166538.4
1513,Customer_1513,customer1513@mail.com,storing,Maize,2023-02-07,2023-07-10,69,1725,153,28,9853.2,no,46,79350,2023-07-10,69496.8
1832,Customer_1832,customer1832@mail.com,stored,Barley,2023-03-02,2023-06-27,175,8750,117,53,36172.5,yes,34,297500,2023-06-27,261327.5
1514,Customer_1514,customer1514@mail.com,storing,Rice,2023-01-16,2023-03-02,30,750,45,21,945.0,partial,34,25500,2023-03-02,24555.0
1412,Customer_1412,customer1412@mail.com,sold,Maize,2023-06-02,2023-10-14,40,1000,134,36,6432.0,yes,45,0,2023-10-14,-6432.0
902,Customer_902,customer902@mail.com,sold,Sorghum,2023-04-20,2023-08-20,121,6050,122,30,14762.0,no,37,223850,2023-08-20,209088.0
255,Customer_255,customer255@mail.com,stored,Millet,2024-07-20,2024-11-22,158,7900,125,34,22383.33,partial,46,0,2024-11-22,-22383.33
1763,Customer_1763,customer1763@mail.com,stored,Wheat,2023-04-11,2023-07-07,106,5300,87,29,8914.6,yes,50,0,2023-07-07,-8914.6
1481,Customer_1481,customer1481@mail.com,sold,Rice,2023-07-20,2023-10-16,20,500,88,32,1877.33,partial,52,26000,2023-10-16,24122.67
947,Customer_947,customer947@mail.com,stored,Barley,2024-04-27,2024-09-03,118,2950,129,44,22325.6,no,45,132750,2024-09-03,110424.4
956,Customer_956,customer956@mail.com,stored,Millet,2024-07-31,2024-12-24,95,2375,146,21,9709.0,no,39,92625,2024-12-24,82916.0
67,Customer_67,customer67@mail.com,stored,Wheat,2024-07-18,2024-09-07,176,4400,51,24,7180.8,no,42,0,2024-09-07,-7180.8
505,Customer_505,customer505@mail.com,stored,Millet,2023-09-26,2023-10-06,192,4800,10,36,2304.0,yes,30,0,2023-10-06,-2304.0
1954,Customer_1954,customer1954@mail.com,stored,Sorghum,2024-03-17,2024-04-18,38,1900,32,41,1661.87,yes,41,77900,2024-04-18,76238.13
1721,Customer_1721,customer1721@mail.com,storing,Barley,2024-04-25,2024-07-03,134,3350,69,34,10478.8,partial,38,127300,2024-07-03,116821.2
139,Customer_139,customer139@mail.com,stored,Barley,2023-04-16,2023-07-27,38,1900,102,50,6460.0,yes,34,0,2023-07-27,-6460.0
1675,Customer_1675,customer1675@mail.com,sold,Sorghum,2023-04-02,2023-09-20,12,300,171,60,4104.0,partial,53,15900,2023-09-20,11796.0
1484,Customer_1484,customer1484@mail.com,stored,Maize,2024-05-23,2024-06-10,136,6800,18,30,2448.0,no,30,0,2024-06-10,-2448.0
1297,Customer_1297,customer1297@mail.com,sold,Maize,2024-01-02,2024-02-08,22,550,37,36,976.8,no,50,0,2024-02-08,-976.8
931,Customer_931,customer931@mail.com,storing,Maize,2023-11-27,2024-01-25,75,1875,59,43,6342.5,yes,51,0,2024-01-25,-6342.5
664,Customer_664,customer664@mail.com,sold,Barley,2023-08-14,2023-09-06,193,9650,23,50,7398.33,yes,27,0,2023-09-06,-7398.33
1191,Customer_1191,customer1191@mail.com,stored,Wheat,2024-04-27,2024-07-15,10,500,79,28,737.33,yes,45,22500,2024-07-15,21762.67
1902,Customer_1902,customer1902@mail.com,storing,Maize,2024-05-14,2024-09-01,162,8100,110,28,16632.0,no,50,0,2024-09-01,-16632.0
149,Customer_149,customer149@mail.com,stored,Rice,2024-07-19,2024-11-06,87,4350,110,42,13398.0,partial,39,0,2024-11-06,-13398.0
1614,Customer_1614,customer1614@mail.com,stored,Barley,2023-07-08,2023-08-07,162,8100,30,32,5184.0,partial,34,0,2023-08-07,-5184.0
1687,Customer_1687,customer1687@mail.com,stored,Wheat,2024-05-29,2024-11-10,35,1750,165,55,10587.5,yes,27,47250,2024-11-10,36662.5
521,Customer_521,customer521@mail.com,storing,Rice,2024-05-24,2024-10-13,109,5450,142,48,24764.8,no,34,185300,2024-10-13,160535.2
1441,Customer_1441,customer1441@mail.com,storing,Wheat,2023-07-24,2023-10-12,55,2750,80,54,7920.0,no,47,129250,2023-10-12,121330.0
327,Customer_327,customer327@mail.com,stored,Wheat,2023-12-29,2024-02-28,26,1300,61,49,2590.47,partial,36,46800,2024-02-28,44209.53
1905,Customer_1905,customer1905@mail.com,storing,Maize,2023-01-09,2023-04-06,113,2825,87,24,7864.8,yes,28,79100,2023-04-06,71235.2
550,Customer_550,customer550@mail.com,storing,Rice,2023-01-17,2023-02-12,198,4950,26,43,7378.8,yes,54,267300,2023-02-12,259921.2
1269,Customer_1269,customer1269@mail.com,storing,Sorghum,2024-08-15,2024-10-01,49,1225,47,34,2610.07,no,49,0,2024-10-01,-2610.07
1253,Customer_1253,customer1253@mail.com,storing,Millet,2023-12-03,2024-02-12,117,5850,71,42,11629.8,partial,43,0,2024-02-12,-11629.8
435,Customer_435,customer435@mail.com,storing,Maize,2023-03-13,2023-04-23,13,325,41,40,710.67,no,34,0,2023-04-23,-710.67
263,Customer_263,customer263@mail.com,storing,Rice,2024-08-09,2024-09-02,65,3250,24,31,1612.0,yes,28,91000,2024-09-02,89388.0
341,Customer_341,customer341@mail.com,sold,Wheat,2024-03-08,2024-07-15,200,5000,129,44,37840.0,partial,31,0,2024-07-15,-37840.0
691,Customer_691,customer691@mail.com,stored,Maize,2024-07-19,2024-10-27,54,1350,100,47,8460.0,no,44,0,2024-10-27,-8460.0
128,Customer_128,customer128@mail.com,stored,Barley,2023-12-21,2024-04-27,149,3725,128,28,17800.53,yes,53,0,2024-04-27,-17800.53
1116,Customer_1116,customer1116@mail.com,sold,Rice,2023-08-18,2023-11-28,196,9800,102,46,30654.4,no,38,372400,2023-11-28,341745.6
1143,Customer_1143,customer1143@mail.com,storing,Sorghum,2023-01-30,2023-06-16,53,1325,137,54,13069.8,no,25,0,2023-06-16,-13069.8
981,Customer_981,customer981@mail.com,stored,Sorghum,2024-05-14,2024-07-13,90,2250,60,31,5580.0,no,26,58500,2024-07-13,52920.0
1277,Customer_1277,customer1277@mail.com,sold,Millet,2023-11-28,2024-01-14,14,350,47,58,1272.13,yes,50,17500,2024-01-14,16227.87
1887,Customer_1887,customer1887@mail.com,storing,Rice,2023-10-05,2023-12-13,179,8950,69,59,24290.3,no,52,0,2023-12-13,-24290.3
720,Customer_720,customer720@mail.com,storing,Rice,2024-07-16,2024-09-21,73,3650,67,48,7825.6,yes,27,98550,2024-09-21,90724.4
982,Customer_982,customer982@mail.com,storing,Sorghum,2024-07-09,2024-10-10,22,550,93,53,3614.6,yes,40,0,2024-10-10,-3614.6
335,Customer_335,customer335@mail.com,sold,Sorghum,2023-04-15,2023-07-28,76,1900,104,54,14227.2,no,37,0,2023-07-28,-14227.2
1782,Customer_1782,customer1782@mail.com,stored,Sorghum,2023-01-12,2023-05-29,54,2700,137,57,14056.2,yes,49,132300,2023-05-29,118243.8
1662,Customer_1662,customer1662@mail.com,sold,Wheat,2023-07-11,2023-07-23,148,3700,12,47,2782.4,no,38,140600,2023-07-23,137817.6
1500,Customer_1500,customer1500@mail.com,stored,Wheat,2023-11-20,2023-12-03,140,7000,13,35,2123.33,yes,35,0,2023-12-03,-2123.33
891,Customer_891,customer891@mail.com,storing,Millet,2023-01-17,2023-04-21,78,3900,94,20,4888.0,partial,48,187200,2023-04-21,182312.0
1786,Customer_1786,customer1786@mail.com,storing,Rice,2023-05-02,2023-10-18,115,2875,169,59,38222.17,partial,42,0,2023-10-18,-38222.17
265,Customer_265,customer265@mail.com,stored,Wheat,2024-04-30,2024-10-17,146,7300,170,41,33920.67,yes,50,365000,2024-10-17,331079.33
1283,Customer_1283,customer1283@mail.com,sold,Maize,2023-03-04,2023-08-13,113,2825,162,33,20136.6,partial,42,0,2023-08-13,-20136.6
1823,Customer_1823,customer1823@mail.com,stored,Sorghum,2024-08-22,2024-10-22,162,8100,61,60,19764.0,yes,28,0,2024-10-22,-19764.0
93,Customer_93,customer93@mail.com,sold,Millet,2024-04-17,2024-09-07,112,2800,143,48,25625.6,no,54,151200,2024-09-07,125574.4
1426,Customer_1426,customer1426@mail.com,sold,Millet,2024-08-17,2025-01-03,91,4550,139,37,15600.43,partial,43,195650,2025-01-03,180049.57
148,Customer_148,customer148@mail.com,stored,Millet,2023-03-15,2023-03-31,116,2900,16,52,3217.07,yes,50,145000,2023-03-31,141782.93
46,Customer_46,customer46@mail.com,storing,Sorghum,2024-06-12,2024-08-30,27,675,79,24,1706.4,no,30,0,2024-08-30,-1706.4
929,Customer_929,customer929@mail.com,sold,Barley,2023-08-03,2023-12-12,154,3850,131,47,31605.93,yes,51,0,2023-12-12,-31605.93
544,Customer_544,customer544@mail.com,stored,Wheat,2023-12-29,2024-03-07,147,7350,69,30,10143.0,partial,34,249900,2024-03-07,239757.0
586,Customer_586,customer586@mail.com,sold,Wheat,2024-04-29,2024-05-14,155,3875,15,53,4107.5,yes,34,131750,2024-05-14,127642.5
1724,Customer_1724,customer1724@mail.com,sold,Maize,2024-06-03,2024-09-02,174,4350,91,27,14250.6,yes,30,130500,2024-09-02,116249.4
1805,Customer_1805,customer1805@mail.com,stored,Barley,2024-01-24,2024-03-02,174,4350,38,39,8595.6,partial,48,0,2024-03-02,-8595.6
1309,Customer_1309,customer1309@mail.com,storing,Rice,2023-08-29,2023-10-13,25,1250,45,27,1012.5,partial,39,48750,2023-10-13,47737.5
1960,Customer_1960,customer1960@mail.com,stored,Rice,2023-12-17,2024-05-13,32,1600,148,54,8524.8,partial,52,0,2024-05-13,-8524.8
66,Customer_66,customer66@mail.com,sold,Rice,2024-05-20,2024-08-07,144,7200,79,21,7963.2,partial,43,0,2024-08-07,-7963.2
932,Customer_932,customer932@mail.com,storing,Wheat,2024-03-17,2024-08-18,51,1275,154,34,8901.2,partial,25,0,2024-08-18,-8901.2
227,Customer_227,customer227@mail.com,stored,Millet,2024-01-14,2024-04-29,183,9150,106,58,37502.8,no,30,274500,2024-04-29,236997.2
1590,Customer_1590,customer1590@mail.com,stored,Sorghum,2023-08-21,2023-09-10,145,7250,20,53,5123.33,no,27,0,2023-09-10,-5123.33
1706,Customer_1706,customer1706@mail.com,sold,Wheat,2024-03-26,2024-04-15,124,3100,20,59,4877.33,yes,50,155000,2024-04-15,150122.67
291,Customer_291,customer291@mail.com,storing,Millet,2023-04-17,2023-08-09,83,2075,114,24,7569.6,no,25,51875,2023-08-09,44305.4
1118,Customer_1118,customer1118@mail.com,storing,Barley,2023-08-13,2023-08-24,43,1075,11,40,630.67,no,36,0,2023-08-24,-630.67
1529,Customer_1529,customer1529@mail.com,sold,Wheat,2023-08-05,2024-01-13,112,2800,161,33,19835.2,no,43,120400,2024-01-13,100564.8
1642,Customer_1642,customer1642@mail.com,stored,Wheat,2023-03-24,2023-05-08,11,550,45,21,346.5,no,27,0,2023-05-08,-346.5
1410,Customer_1410,customer1410@mail.com,sold,Sorghum,2023-01-12,2023-01-22,67,3350,10,44,982.67,no,26,87100,2023-01-22,86117.33
36,Customer_36,customer36@mail.com,storing,Barley,2023-07-16,2023-12-29,155,3875,166,31,26587.67,yes,54,209250,2023-12-29,182662.33
937,Customer_937,customer937@mail.com,storing,Sorghum,2024-08-11,2025-01-30,73,1825,172,26,10881.87,no,27,49275,2025-01-30,38393.13
135,Customer_135,customer135@mail.com,sold,Barley,2024-04-26,2024-10-13,26,650,170,42,6188.0,yes,33,21450,2024-10-13,15262.0
39,Customer_39,customer39@mail.com,storing,Millet,2024-06-24,2024-09-07,147,7350,75,39,14332.5,partial,47,345450,2024-09-07,331117.5
1307,Customer_1307,customer1307@mail.com,storing,Rice,2024-06-24,2024-07-30,196,9800,36,33,7761.6,no,32,0,2024-07-30,-7761.6
1894,Customer_1894,customer1894@mail.com,sold,Wheat,2024-07-10,2024-12-05,102,2550,148,33,16605.6,yes,44,112200,2024-12-05,95594.4
1384,Customer_1384,customer1384@mail.com,stored,Maize,2024-01-17,2024-07-11,24,600,176,53,7462.4,partial,46,0,2024-07-11,-7462.4
1372,Customer_1372,customer1372@mail.com,storing,Millet,2023-10-23,2024-01-06,43,2150,75,26,2795.0,no,54,116100,2024-01-06,113305.0
659,Customer_659,customer659@mail.com,sold,Millet,2024-08-21,2024-10-22,95,4750,62,48,9424.0,yes,43,204250,2024-10-22,194826.0
1711,Customer_1711,customer1711@mail.com,storing,Millet,2023-11-27,2024-05-23,45,1125,178,23,6141.0,partial,41,0,2024-05-23,-6141.0
1469,Customer_1469,customer1469@mail.com,sold,Barley,2023-11-04,2024-03-25,29,1450,142,24,3294.4,yes,55,0,2024-03-25,-3294.4
1383,Customer_1383,customer1383@mail.com,stored,Millet,2024-01-17,2024-03-25,27,1350,68,29,1774.8,partial,25,33750,2024-03-25,31975.2
1290,Customer_1290,customer1290@mail.com,storing,Barley,2024-07-02,2024-11-14,59,1475,135,53,14071.5,yes,26,0,2024-11-14,-14071.5
302,Customer_302,customer302@mail.com,sold,Barley,2023-11-02,2023-11-29,160,4000,27,55,7920.0,no,32,0,2023-11-29,-7920.0
1857,Customer_1857,customer1857@mail.com,stored,Sorghum,2023-06-22,2023-07-06,58,2900,14,51,1380.4,no,38,110200,2023-07-06,108819.6
1179,Customer_1179,customer1179@mail.com,storing,Millet,2023-01-11,2023-03-06,87,2175,54,43,6733.8,no,40,87000,2023-03-06,80266.2
1234,Customer_1234,customer1234@mail.com,sold,Maize,2023-05-13,2023-09-15,57,1425,125,23,5462.5,no,42,0,2023-09-15,-5462.5
1887,Customer_1887,customer1887@mail.com,sold,Rice,2023-12-16,2024-03-21,32,1600,96,49,5017.6,yes,37,59200,2024-03-21,54182.4
253,Customer_253,customer253@mail.com,stored,Millet,2024-08-07,2024-10-11,105,2625,65,32,7280.0,yes,39,0,2024-10-11,-7280.0
1031,Customer_1031,customer1031@mail.com,sold,Maize,2024-05-16,2024-08-20,198,4950,96,37,23443.2,yes,54,0,2024-08-20,-23443.2
697,Customer_697,customer697@mail.com,stored,Millet,2023-12-27,2024-05-28,176,8800,153,60,53856.0,yes,51,448800,2024-05-28,394944.0
527,Customer_527,customer527@mail.com,sold,Barley,2023-06-27,2023-10-04,181,4525,99,33,19710.9,partial,43,194575,2023-10-04,174864.1
1950,Customer_1950,customer1950@mail.com,stored,Rice,2023-05-21,2023-08-05,173,8650,76,39,17092.4,no,32,0,2023-08-05,-17092.4
329,Customer_329,customer329@mail.com,sold,Sorghum,2024-05-23,2024-06-05,172,4300,13,31,2310.53,partial,40,172000,2024-06-05,169689.47
168,Customer_168,customer168@mail.com,sold,Rice,2024-08-09,2024-12-29,41,1025,142,60,11644.0,yes,51,52275,2024-12-29,40631.0
378,Customer_378,customer378@mail.com,storing,Millet,2023-01-05,2023-02-16,27,675,42,27,1020.6,yes,34,0,2023-02-16,-1020.6
1850,Customer_1850,customer1850@mail.com,stored,Maize,2023-03-04,2023-05-14,144,3600,71,38,12950.4,no,27,0,2023-05-14,-12950.4
162,Customer_162,customer162@mail.com,storing,Sorghum,2023-08-14,2023-09-08,119,2975,25,44,4363.33,yes,54,160650,2023-09-08,156286.67
123,Customer_123,customer123@mail.com,stored,Rice,2024-08-09,2024-09-28,164,4100,50,38,10386.67,no,47,0,2024-09-28,-10386.67
1893,Customer_1893,customer1893@mail.com,storing,Wheat,2024-04-19,2024-05-18,102,2550,29,44,4338.4,no,31,0,2024-05-18,-4338.4
421,Customer_421,customer421@mail.com,sold,Wheat,2024-07-07,2024-12-23,46,2300,169,22,5700.93,yes,33,75900,2024-12-23,70199.07
1453,Customer_1453,customer1453@mail.com,storing,Wheat,2023-05-08,2023-08-19,22,1100,103,23,1737.27,no,38,0,2023-08-19,-1737.27
1823,Customer_1823,customer1823@mail.com,stored,Sorghum,2023-11-10,2024-02-03,130,6500,85,44,16206.67,no,55,0,2024-02-03,-16206.67
843,Customer_843,customer843@mail.com,sold,Rice,2023-07-20,2023-10-24,64,1600,96,40,8192.0,partial,28,44800,2023-10-24,36608.0
1566,Customer_1566,customer1566@mail.com,storing,Sorghum,2023-02-25,2023-05-24,137,6850,88,31,12457.87,partial,39,0,2023-05-24,-12457.87
281,Customer_281,customer281@mail.com,stored,Sorghum,2023-05-20,2023-08-25,14,350,97,56,2534.93,no,36,0,2023-08-25,-2534.93
1981,Customer_1981,customer1981@mail.com,sold,Millet,2023-11-28,2023-12-22,40,1000,24,43,1376.0,partial,49,49000,2023-12-22,47624.0
1425,Customer_1425,customer1425@mail.com,sold,Millet,2024-01-22,2024-05-22,146,3650,121,55,32387.67,partial,32,0,2024-05-22,-32387.67
348,Customer_348,customer348@mail.com,stored,Barley,2023-10-29,2024-03-04,93,4650,127,41,16141.7,partial,34,158100,2024-03-04,141958.3
968,Customer_968,customer968@mail.com,stored,Barley,2023-03-08,2023-03-22,197,4925,14,35,3217.67,no,26,0,2023-03-22,-3217.67
1975,Customer_1975,customer1975@mail.com,stored,Millet,2023-02-20,2023-07-04,16,400,134,54,3859.2,no,46,0,2023-07-04,-3859.2
717,Customer_717,customer717@mail.com,sold,Millet,2023-07-28,2023-09-22,84,4200,56,51,7996.8,no,50,0,2023-09-22,-7996.8
239,Customer_239,customer239@mail.com,stored,Millet,2023-03-30,2023-08-09,190,4750,132,45,37620.0,no,53,0,2023-08-09,-37620.0
993,Customer_993,customer993@mail.com,storing,Barley,2023-09-13,2023-11-20,123,3075,68,51,14218.8,yes,32,98400,2023-11-20,84181.2
1848,Customer_1848,customer1848@mail.com,sold,Millet,2024-07-01,2024-10-14,120,3000,105,30,12600.0,no,50,150000,2024-10-14,137400.0
1758,Customer_1758,customer1758@mail.com,storing,Wheat,2023-10-23,2024-03-06,170,8500,135,38,29070.0,no,39,331500,2024-03-06,302430.0
1621,Customer_1621,customer1621@mail.com,storing,Wheat,2023-05-15,2023-10-02,186,4650,140,21,18228.0,no,37,0,2023-10-02,-18228.0
1077,Customer_1077,customer1077@mail.com,stored,Sorghum,2024-08-02,2025-01-27,91,2275,178,45,24297.0,yes,30,68250,2025-01-27,43953.0
1680,Customer_1680,customer1680@mail.com,stored,Maize,2023-09-25,2024-02-04,75,3750,132,46,15180.0,yes,31,0,2024-02-04,-15180.0
755,Customer_755,customer755@mail.com,stored,Millet,2023-12-31,2024-02-26,12,600,57,54,1231.2,yes,44,0,2024-02-26,-1231.2
203,Customer_203,customer203@mail.com,sold,Wheat,2024-06-26,2024-07-16,183,9150,20,32,3904.0,partial,36,0,2024-07-16,-3904.0
1233,Customer_1233,customer1233@mail.com,sold,Sorghum,2023-10-22,2024-01-08,112,5600,78,39,11356.8,partial,27,0,2024-01-08,-11356.8
1630,Customer_1630,customer1630@mail.com,storing,Millet,2024-05-13,2024-07-06,188,4700,54,27,9136.8,no,52,244400,2024-07-06,235263.2
725,Customer_725,customer725@mail.com,stored,Wheat,2024-01-15,2024-05-10,111,2775,116,54,23176.8,partial,32,0,2024-05-10,-23176.8
1196,Customer_1196,customer1196@mail.com,storing,Wheat,2023-07-23,2023-11-09,18,900,109,26,1700.4,yes,30,0,2023-11-09,-1700.4
1045,Customer_1045,customer1045@mail.com,storing,Rice,2024-03-27,2024-06-19,47,1175,84,44,5790.4,partial,53,62275,2024-06-19,56484.6
785,Customer_785,customer785@mail.com,storing,Maize,2023-08-14,2023-11-25,153,3825,103,53,27840.9,partial,27,0,2023-11-25,-27840.9
685,Customer_685,customer685@mail.com,storing,Rice,2024-02-02,2024-03-09,25,1250,36,38,1140.0,yes,50,62500,2024-03-09,61360.0
153,Customer_153,customer153@mail.com,stored,Maize,2023-09-16,2023-10-27,169,8450,41,32,7390.93,no,33,0,2023-10-27,-7390.93
1994,Customer_1994,customer1994@mail.com,stored,Rice,2023-08-09,2023-12-18,47,2350,131,53,10877.37,partial,52,0,2023-12-18,-10877.37
1584,Customer_1584,customer1584@mail.com,storing,Rice,2023-09-22,2023-10-27,151,7550,35,21,3699.5,yes,41,0,2023-10-27,-3699.5
1250,Customer_1250,customer1250@mail.com,storing,Barley,2023-01-22,2023-05-26,173,4325,124,55,39328.67,partial,50,216250,2023-05-26,176921.33
1891,Customer_1891,customer1891@mail.com,stored,Wheat,2023-06-30,2023-08-22,178,4450,53,35,11006.33,no,29,0,2023-08-22,-11006.33
1713,Customer_1713,customer1713@mail.com,storing,Wheat,2023-08-15,2023-09-01,180,4500,17,29,2958.0,partial,42,0,2023-09-01,-2958.0
1812,Customer_1812,customer1812@mail.com,stored,Barley,2024-06-29,2024-09-08,135,6750,71,58,18531.0,no,45,303750,2024-09-08,285219.0
950,Customer_950,customer950@mail.com,sold,Maize,2024-08-12,2024-10-29,151,3775,78,53,20807.8,partial,49,0,2024-10-29,-20807.8
349,Customer_349,customer349@mail.com,stored,Sorghum,2023-11-28,2024-05-19,46,1150,173,55,14589.67,no,47,54050,2024-05-19,39460.33
1674,Customer_1674,customer1674@mail.com,sold,Wheat,2024-08-22,2024-09-02,31,1550,11,31,352.37,partial,34,0,2024-09-02,-352.37
1115,Customer_1115,customer1115@mail.com,sold,Sorghum,2023-03-24,2023-04-20,194,4850,27,24,4190.4,yes,48,232800,2023-04-20,228609.6
1374,Customer_1374,customer1374@mail.com,storing,Sorghum,2023-03-17,2023-08-07,138,3450,143,58,38152.4,yes,53,0,2023-08-07,-38152.4
91,Customer_91,customer91@mail.com,stored,Millet,2024-07-15,2024-11-02,189,9450,110,30,20790.0,partial,55,0,2024-11-02,-20790.0
1782,Customer_1782,customer1782@mail.com,stored,Sorghum,2024-01-01,2024-02-22,14,700,52,60,1456.0,partial,29,20300,2024-02-22,18844.0
801,Customer_801,customer801@mail.com,sold,Sorghum,2024-03-18,2024-08-30,63,3150,165,46,15939.0,partial,38,119700,2024-08-30,103761.0
1267,Customer_1267,customer1267@mail.com,stored,Rice,2023-03-13,2023-07-28,52,2600,137,42,9973.6,yes,54,140400,2023-07-28,130426.4
362,Customer_362,customer362@mail.com,storing,Sorghum,2024-05-22,2024-11-12,117,5850,174,56,38001.6,no,44,257400,2024-11-12,219398.4
1697,Customer_1697,customer1697@mail.com,storing,Sorghum,2023-09-14,2023-10-26,131,6550,42,38,6969.2,partial,36,235800,2023-10-26,228830.8
1170,Customer_1170,customer1170@mail.com,storing,Sorghum,2023-11-23,2023-12-19,43,2150,26,26,968.93,no,46,98900,2023-12-19,97931.07
1150,Customer_1150,customer1150@mail.com,stored,Maize,2024-03-07,2024-08-17,115,5750,163,34,21244.33,partial,45,0,2024-08-17,-21244.33
343,Customer_343,customer343@mail.com,sold,Sorghum,2023-08-16,2024-01-05,26,650,142,31,3815.07,no,50,0,2024-01-05,-3815.07
1863,Customer_1863,customer1863@mail.com,sold,Rice,2023-08-29,2023-12-29,59,1475,122,44,10557.07,no,46,0,2023-12-29,-10557.07
429,Customer_429,customer429@mail.com,sold,Millet,2024-01-25,2024-07-09,77,3850,166,53,22581.53,no,49,0,2024-07-09,-22581.53
538,Customer_538,customer538@mail.com,storing,Rice,2023-03-28,2023-06-25,97,2425,89,33,9496.3,partial,37,89725,2023-06-25,80228.7
172,Customer_172,customer172@mail.com,storing,Millet,2024-02-11,2024-03-30,51,1275,48,27,2203.2,no,54,0,2024-03-30,-2203.2
633,Customer_633,customer633@mail.com,storing,Barley,2023-04-02,2023-04-30,114,2850,28,28,2979.2,no,53,151050,2023-04-30,148070.8
1114,Customer_1114,customer1114@mail.com,stored,Barley,2023-10-03,2024-02-17,49,2450,137,38,8503.13,partial,31,75950,2024-02-17,67446.87
1262,Customer_1262,customer1262@mail.com,stored,Sorghum,2023-08-27,2024-02-19,157,7850,176,28,25789.87,no,33,259050,2024-02-19,233260.13
137,Customer_137,customer137@mail.com,sold,Millet,2024-02-13,2024-04-08,170,8500,55,39,12155.0,no,27,0,2024-04-08,-12155.0
493,Customer_493,customer493@mail.com,sold,Wheat,2023-03-03,2023-07-23,58,2900,142,54,14824.8,yes,47,136300,2023-07-23,121475.2
1961,Customer_1961,customer1961@mail.com,sold,Wheat,2023-08-01,2023-11-26,143,3575,117,32,17846.4,no,47,0,2023-11-26,-17846.4
717,Customer_717,customer717@mail.com,stored,Rice,2023-10-08,2024-03-11,47,2350,155,39,9470.5,yes,44,0,2024-03-11,-9470.5
484,Customer_484,customer484@mail.com,sold,Sorghum,2024-07-27,2024-10-31,27,675,96,32,2764.8,no,27,0,2024-10-31,-2764.8
1609,Customer_1609,customer1609@mail.com,storing,Barley,2024-08-04,2024-11-21,128,6400,109,31,14417.07,partial,26,166400,2024-11-21,151982.93
292,Customer_292,customer292@mail.com,stored,Barley,2024-04-05,2024-09-28,37,925,176,31,6729.07,no,44,0,2024-09-28,-6729.07
367,Customer_367,customer367@mail.com,storing,Wheat,2023-10-28,2024-01-26,44,2200,90,54,7128.0,yes,48,105600,2024-01-26,98472.0
1488,Customer_1488,customer1488@mail.com,storing,Sorghum,2024-02-23,2024-08-08,144,3600,167,31,24849.6,partial,30,0,2024-08-08,-24849.6
1793,Customer_1793,customer1793@mail.com,sold,Barley,2023-12-26,2024-06-08,125,6250,165,55,37812.5,no,42,0,2024-06-08,-37812.5
962,Customer_962,customer962@mail.com,storing,Barley,2023-01-14,2023-06-08,28,700,145,34,4601.33,partial,54,0,2023-06-08,-4601.33
1514,Customer_1514,customer1514@mail.com,stored,Wheat,2023-01-09,2023-04-08,101,5050,89,41,12284.97,partial,31,156550,2023-04-08,144265.03
1989,Customer_1989,customer1989@mail.com,sold,Wheat,2023-02-26,2023-05-24,169,8450,87,24,11762.4,partial,27,228150,2023-05-24,216387.6
525,Customer_525,customer525@mail.com,sold,Sorghum,2023-03-29,2023-05-20,102,5100,52,27,4773.6,yes,27,0,2023-05-20,-4773.6
1696,Customer_1696,customer1696@mail.com,stored,Maize,2024-04-01,2024-08-07,108,5400,128,57,26265.6,partial,48,259200,2024-08-07,232934.4
1983,Customer_1983,customer1983@mail.com,sold,Millet,2023-08-26,2024-01-30,119,5950,157,50,31138.33,no,30,0,2024-01-30,-31138.33
213,Customer_213,customer213@mail.com,stored,Rice,2023-10-21,2024-02-17,80,4000,119,42,13328.0,partial,35,0,2024-02-17,-13328.0
740,Customer_740,customer740@mail.com,storing,Sorghum,2023-03-29,2023-09-07,37,925,162,46,9190.8,partial,40,37000,2023-09-07,27809.2
45,Customer_45,customer45@mail.com,storing,Millet,2023-09-28,2024-01-01,29,725,95,32,2938.67,yes,27,19575,2024-01-01,16636.33
147,Customer_147,customer147@mail.com,stored,Sorghum,2024-02-27,2024-06-08,174,8700,102,52,30763.2,partial,47,0,2024-06-08,-30763.2
1659,Customer_1659,customer1659@mail.com,sold,Rice,2024-08-14,2024-09-11,198,9900,28,34,6283.2,partial,26,0,2024-09-11,-6283.2
1873,Customer_1873,customer1873@mail.com,sold,Rice,2023-12-12,2024-03-19,38,1900,98,54,6703.2,partial,35,0,2024-03-19,-6703.2
388,Customer_388,customer388@mail.com,sold,Sorghum,2024-05-08,2024-08-09,192,9600,93,33,19641.6,no,54,0,2024-08-09,-19641.6
555,Customer_555,customer555@mail.com,stored,Sorghum,2023-11-28,2024-03-29,53,1325,122,39,8405.8,yes,26,0,2024-03-29,-8405.8
1514,Customer_1514,customer1514@mail.com,stored,Sorghum,2024-06-15,2024-09-02,128,3200,79,57,19212.8,yes,34,108800,2024-09-02,89587.2
593,Customer_593,customer593@mail.com,storing,Sorghum,2023-11-22,2024-04-29,109,2725,159,28,16175.6,yes,54,147150,2024-04-29,130974.4
579,Customer_579,customer579@mail.com,sold,Sorghum,2023-08-05,2023-11-10,131,6550,97,22,9318.47,no,45,294750,2023-11-10,285431.53
1761,Customer_1761,customer1761@mail.com,stored,Barley,2023-04-07,2023-08-03,78,1950,118,51,15646.8,partial,35,0,2023-08-03,-15646.8
1336,Customer_1336,customer1336@mail.com,sold,Rice,2023-09-10,2024-03-07,114,2850,179,44,29928.8,yes,49,139650,2024-03-07,109721.2
111,Customer_111,customer111@mail.com,sold,Maize,2023-04-27,2023-10-05,145,3625,161,26,20232.33,partial,29,105125,2023-10-05,84892.67
234,Customer_234,customer234@mail.com,storing,Wheat,2023-04-23,2023-08-15,134,6700,114,54,27496.8,partial,51,341700,2023-08-15,314203.2
401,Customer_401,customer401@mail.com,storing,Sorghum,2024-03-12,2024-05-23,185,9250,72,59,26196.0,no,33,305250,2024-05-23,279054.0
1285,Customer_1285,customer1285@mail.com,storing,Sorghum,2024-02-13,2024-06-19,34,1700,127,57,8204.2,no,32,0,2024-06-19,-8204.2
143,Customer_143,customer143@mail.com,storing,Millet,2023-09-05,2023-12-25,68,3400,111,26,6541.6,partial,49,166600,2023-12-25,160058.4
1898,Customer_1898,customer1898@mail.com,sold,Sorghum,2023-04-08,2023-08-01,143,3575,115,34,18637.67,yes,52,0,2023-08-01,-18637.67
791,Customer_791,customer791@mail.com,stored,Wheat,2024-06-14,2024-09-15,117,5850,93,43,15596.1,no,33,193050,2024-09-15,177453.9
1903,Customer_1903,customer1903@mail.com,storing,Barley,2024-02-03,2024-05-28,192,9600,115,30,22080.0,yes,34,0,2024-05-28,-22080.0
768,Customer_768,customer768@mail.com,sold,Wheat,2024-03-31,2024-08-28,10,250,150,21,1050.0,yes,49,12250,2024-08-28,11200.0
238,Customer_238,customer238@mail.com,stored,Maize,2023-05-26,2023-08-02,109,5450,68,56,13835.73,yes,43,234350,2023-08-02,220514.27
321,Customer_321,customer321@mail.com,stored,Maize,2023-04-13,2023-05-02,172,4300,19,25,2723.33,partial,37,0,2023-05-02,-2723.33
17,Customer_17,customer17@mail.com,sold,Maize,2023-04-01,2023-08-25,50,1250,146,50,12166.67,yes,48,0,2023-08-25,-12166.67
399,Customer_399,customer399@mail.com,storing,Sorghum,2024-04-03,2024-04-18,101,2525,15,60,3030.0,partial,50,0,2024-04-18,-3030.0
239,Customer_239,customer239@mail.com,storing,Barley,2023-02-20,2023-08-15,103,5150,176,51,30817.6,yes,43,221450,2023-08-15,190632.4
805,Customer_805,customer805@mail.com,stored,Millet,2024-08-12,2024-11-02,90,4500,82,24,5904.0,yes,44,198000,2024-11-02,192096.0
1709,Customer_1709,customer1709@mail.com,storing,Barley,2023-03-10,2023-07-25,39,975,137,27,4808.7,partial,34,33150,2023-07-25,28341.3
1967,Customer_1967,customer1967@mail.com,stored,Rice,2024-07-14,2024-12-15,116,2900,154,54,32155.2,no,49,142100,2024-12-15,109944.8
1722,Customer_1722,customer1722@mail.com,storing,Wheat,2024-01-08,2024-06-29,91,4550,173,54,28337.4,no,52,236600,2024-06-29,208262.6
70,Customer_70,customer70@mail.com,storing,Sorghum,2023-12-22,2024-04-10,105,5250,110,52,20020.0,yes,55,0,2024-04-10,-20020.0
322,Customer_322,customer322@mail.com,sold,Sorghum,2024-05-19,2024-10-17,11,550,151,20,1107.33,yes,53,29150,2024-10-17,28042.67
500,Customer_500,customer500@mail.com,stored,Rice,2024-03-31,2024-09-09,193,4825,162,59,61489.8,partial,25,0,2024-09-09,-61489.8
361,Customer_361,customer361@mail.com,sold,Barley,2024-08-11,2024-10-12,62,3100,62,52,6662.93,no,52,161200,2024-10-12,154537.07
1846,Customer_1846,customer1846@mail.com,storing,Rice,2023-10-30,2024-04-16,56,1400,169,55,17350.67,no,52,0,2024-04-16,-17350.67
939,Customer_939,customer939@mail.com,storing,Wheat,2024-06-15,2024-10-24,55,2750,131,43,10327.17,partial,40,0,2024-10-24,-10327.17
1622,Customer_1622,customer1622@mail.com,stored,Wheat,2024-01-20,2024-05-17,118,5900,118,56,25991.47,yes,34,0,2024-05-17,-25991.47
536,Customer_536,customer536@mail.com,stored,Barley,2023-12-28,2024-01-10,188,4700,13,49,3991.87,yes,33,0,2024-01-10,-3991.87
1975,Customer_1975,customer1975@mail.com,sold,Millet,2023-01-16,2023-05-21,121,6050,125,51,25712.5,no,34,205700,2023-05-21,179987.5
1179,Customer_1179,customer1179@mail.com,storing,Maize,2024-02-05,2024-07-27,120,6000,173,40,27680.0,no,27,0,2024-07-27,-27680.0
955,Customer_955,customer955@mail.com,sold,Barley,2024-06-23,2024-08-27,136,6800,65,50,14733.33,no,42,0,2024-08-27,-14733.33
24,Customer_24,customer24@mail.com,sold,Millet,2024-08-16,2024-10-11,114,2850,56,20,4256.0,yes,42,119700,2024-10-11,115444.0
1457,Customer_1457,customer1457@mail.com,sold,Maize,2024-01-04,2024-06-05,54,2700,153,51,14045.4,partial,51,0,2024-06-05,-14045.4
630,Customer_630,customer630@mail.com,sold,Millet,2024-06-13,2024-12-10,79,3950,180,38,18012.0,no,51,201450,2024-12-10,183438.0
230,Customer_230,customer230@mail.com,stored,Rice,2024-05-18,2024-09-26,42,2100,131,30,5502.0,yes,38,79800,2024-09-26,74298.0
1902,Customer_1902,customer1902@mail.com,storing,Millet,2023-07-14,2023-08-08,137,6850,25,33,3767.5,partial,33,226050,2023-08-08,222282.5
988,Customer_988,customer988@mail.com,stored,Wheat,2023-03-13,2023-07-30,198,9900,139,49,44952.6,yes,34,336600,2023-07-30,291647.4
1664,Customer_1664,customer1664@mail.com,storing,Barley,2023-11-16,2024-03-11,145,7250,116,53,29715.33,yes,44,319000,2024-03-11,289284.67
1284,Customer_1284,customer1284@mail.com,sold,Sorghum,2023-04-15,2023-06-21,191,4775,67,46,19622.07,no,45,214875,2023-06-21,195252.93
1733,Customer_1733,customer1733@mail.com,stored,Rice,2024-08-23,2025-01-09,94,2350,139,39,16985.8,yes,51,0,2025-01-09,-16985.8
734,Customer_734,customer734@mail.com,sold,Maize,2024-02-06,2024-04-23,98,4900,77,36,9055.2,yes,38,0,2024-04-23,-9055.2
740,Customer_740,customer740@mail.com,stored,Wheat,2023-10-02,2024-02-23,35,875,144,25,4200.0,no,50,0,2024-02-23,-4200.0
1367,Customer_1367,customer1367@mail.com,storing,Maize,2023-07-27,2023-12-03,36,900,129,56,8668.8,yes,32,28800,2023-12-03,20131.2
1216,Customer_1216,customer1216@mail.com,stored,Sorghum,2023-11-27,2024-01-14,148,3700,48,49,11603.2,yes,51,0,2024-01-14,-11603.2
702,Customer_702,customer702@mail.com,stored,Wheat,2023-04-26,2023-07-22,175,4375,87,51,25882.5,no,34,148750,2023-07-22,122867.5
1957,Customer_1957,customer1957@mail.com,storing,Rice,2024-01-20,2024-03-29,17,425,69,47,1837.7,yes,36,0,2024-03-29,-1837.7
575,Customer_575,customer575@mail.com,storing,Sorghum,2023-05-11,2023-07-22,53,1325,72,37,4706.4,partial,35,0,2023-07-22,-4706.4
1119,Customer_1119,customer1119@mail.com,sold,Wheat,2023-12-21,2024-01-02,14,700,12,25,140.0,partial,43,30100,2024-01-02,29960.0
561,Customer_561,customer561@mail.com,stored,Rice,2024-03-23,2024-06-03,138,3450,72,46,15235.2,yes,34,0,2024-06-03,-15235.2
109,Customer_109,customer109@mail.com,sold,Rice,2023-06-29,2023-10-30,115,2875,123,34,16031.0,partial,42,0,2023-10-30,-16031.0
1515,Customer_1515,customer1515@mail.com,sold,Barley,2024-06-23,2024-08-20,180,9000,58,31,10788.0,partial,31,0,2024-08-20,-10788.0
555,Customer_555,customer555@mail.com,stored,Sorghum,2024-03-07,2024-04-03,35,1750,27,49,1543.5,partial,31,54250,2024-04-03,52706.5
897,Customer_897,customer897@mail.com,storing,Millet,2023-09-25,2024-03-13,38,1900,170,46,9905.33,yes,41,77900,2024-03-13,67994.67
301,Customer_301,customer301@mail.com,storing,Barley,2023-01-18,2023-03-22,71,3550,63,39,5814.9,no,28,99400,2023-03-22,93585.1
750,Customer_750,customer750@mail.com,sold,Wheat,2023-02-01,2023-03-09,83,2075,36,51,5079.6,no,27,56025,2023-03-09,50945.4
1502,Customer_1502,customer1502@mail.com,sold,Millet,2023-10-24,2024-03-29,17,850,157,59,5249.03,no,31,26350,2024-03-29,21100.97
1788,Customer_1788,customer1788@mail.com,sold,Rice,2024-01-13,2024-05-22,124,6200,130,20,10746.67,partial,30,186000,2024-05-22,175253.33
493,Customer_493,customer493@mail.com,sold,Millet,2024-01-18,2024-04-01,135,3375,74,59,19647.0,partial,42,141750,2024-04-01,122103.0
1293,Customer_1293,customer1293@mail.com,stored,Rice,2024-05-13,2024-07-25,75,3750,73,37,6752.5,partial,51,191250,2024-07-25,184497.5
182,Customer_182,customer182@mail.com,stored,Rice,2024-06-16,2024-09-15,189,4725,91,38,21785.4,no,53,250425,2024-09-15,228639.6
1946,Customer_1946,customer1946@mail.com,sold,Barley,2023-09-18,2024-02-20,107,2675,155,46,25430.33,yes,55,147125,2024-02-20,121694.67
1759,Customer_1759,customer1759@mail.com,stored,Wheat,2023-11-06,2023-12-08,32,1600,32,58,1979.73,no,49,0,2023-12-08,-1979.73
1338,Customer_1338,customer1338@mail.com,sold,Wheat,2023-08-13,2023-10-04,137,6850,52,57,13535.6,no,43,0,2023-10-04,-13535.6
1673,Customer_1673,customer1673@mail.com,stored,Wheat,2023-10-26,2024-03-06,19,950,132,36,3009.6,no,37,35150,2024-03-06,32140.4
462,Customer_462,customer462@mail.com,storing,Barley,2023-12-09,2024-05-11,195,9750,154,50,50050.0,partial,26,0,2024-05-11,-50050.0
1121,Customer_1121,customer1121@mail.com,storing,Rice,2023-12-30,2024-02-06,42,2100,38,50,2660.0,partial,39,81900,2024-02-06,79240.0
1861,Customer_1861,customer1861@mail.com,storing,Rice,2023-02-25,2023-08-09,30,750,165,44,7260.0,yes,26,0,2023-08-09,-7260.0
1991,Customer_1991,customer1991@mail.com,storing,Wheat,2023-05-24,2023-10-13,26,1300,142,20,2461.33,no,26,33800,2023-10-13,31338.67
1681,Customer_1681,customer1681@mail.com,sold,Millet,2023-06-03,2023-07-04,39,975,31,53,2135.9,partial,25,0,2023-07-04,-2135.9
1099,Customer_1099,customer1099@mail.com,stored,Wheat,2023-12-21,2024-05-22,155,7750,153,24,18972.0,yes,45,0,2024-05-22,-18972.0
253,Customer_253,customer253@mail.com,sold,Rice,2024-06-11,2024-08-24,124,3100,74,50,15293.33,no,49,0,2024-08-24,-15293.33
1572,Customer_1572,customer1572@mail.com,stored,Millet,2024-05-09,2024-09-27,193,4825,141,21,19049.1,yes,52,0,2024-09-27,-19049.1
762,Customer_762,customer762@mail.com,stored,Barley,2023-03-26,2023-06-04,129,6450,70,55,16555.0,partial,29,0,2023-06-04,-16555.0
750,Customer_750,customer750@mail.com,storing,Wheat,2023-06-09,2023-07-08,161,8050,29,44,6847.87,no,48,386400,2023-07-08,379552.13
1503,Customer_1503,customer1503@mail.com,storing,Rice,2024-05-21,2024-10-16,192,9600,148,59,55884.8,no,52,0,2024-10-16,-55884.8
551,Customer_551,customer551@mail.com,sold,Wheat,2023-09-24,2024-02-18,175,8750,147,60,51450.0,partial,28,245000,2024-02-18,193550.0
1283,Customer_1283,customer1283@mail.com,storing,Wheat,2023-10-14,2024-01-21,56,2800,99,55,10164.0,yes,39,109200,2024-01-21,99036.0
55,Customer_55,customer55@mail.com,stored,Wheat,2023-07-22,2023-11-09,82,2050,110,45,13530.0,partial,27,55350,2023-11-09,41820.0
1505,Customer_1505,customer1505@mail.com,sold,Maize,2023-09-21,2024-03-03,133,6650,164,37,26901.47,no,40,266000,2024-03-03,239098.53
720,Customer_720,customer720@mail.com,sold,Wheat,2023-11-09,2024-04-24,101,2525,167,59,33171.77,partial,39,0,2024-04-24,-33171.77
1462,Customer_1462,customer1462@mail.com,storing,Wheat,2023-09-13,2023-10-13,153,3825,30,38,5814.0,yes,41,0,2023-10-13,-5814.0
786,Customer_786,customer786@mail.com,stored,Maize,2024-05-01,2024-07-13,119,2975,73,37,10713.97,partial,36,0,2024-07-13,-10713.97
1577,Customer_1577,customer1577@mail.com,stored,Rice,2024-04-22,2024-06-05,187,4675,44,26,7130.93,yes,32,149600,2024-06-05,142469.07
51,Customer_51,customer51@mail.com,storing,Barley,2024-07-20,2024-10-19,93,4650,91,33,9309.3,yes,54,0,2024-10-19,-9309.3
1335,Customer_1335,customer1335@mail.com,sold,Barley,2024-06-08,2024-07-09,57,1425,31,22,1295.8,partial,41,58425,2024-07-09,57129.2
917,Customer_917,customer917@mail.com,storing,Rice,2024-02-15,2024-06-25,155,7750,131,30,20305.0,yes,38,294500,2024-06-25,274195.0
1413,Customer_1413,customer1413@mail.com,sold,Rice,2024-07-04,2024-10-01,200,5000,89,39,23140.0,yes,43,215000,2024-10-01,191860.0
8,Customer_8,customer8@mail.com,sold,Sorghum,2023-09-21,2023-12-24,78,1950,94,41,10020.4,partial,30,0,2023-12-24,-10020.4
238,Customer_238,customer238@mail.com,stored,Barley,2024-05-21,2024-11-13,118,5900,176,34,23537.07,partial,51,0,2024-11-13,-23537.07
997,Customer_997,customer997@mail.com,stored,Wheat,2024-03-28,2024-05-03,117,5850,36,52,7300.8,no,29,169650,2024-05-03,162349.2
17,Customer_17,customer17@mail.com,sold,Millet,2023-01-30,2023-02-17,92,2300,18,31,1711.2,yes,36,82800,2023-02-17,81088.8
1965,Customer_1965,customer1965@mail.com,storing,Rice,2023-07-03,2023-09-10,49,2450,69,56,6311.2,yes,29,71050,2023-09-10,64738.8
1123,Customer_1123,customer1123@mail.com,stored,Wheat,2023-02-02,2023-06-04,106,2650,122,27,11638.8,partial,46,121900,2023-06-04,110261.2
1899,Customer_1899,customer1899@mail.com,sold,Millet,2023-03-28,2023-04-24,188,9400,27,42,7106.4,partial,26,0,2023-04-24,-7106.4
369,Customer_369,customer369@mail.com,stored,Barley,2023-07-09,2023-12-04,165,8250,148,45,36630.0,yes,47,0,2023-12-04,-36630.0
561,Customer_561,customer561@mail.com,sold,Millet,2024-05-25,2024-07-12,149,3725,48,51,12158.4,no,44,0,2024-07-12,-12158.4
340,Customer_340,customer340@mail.com,sold,Maize,2023-02-06,2023-04-21,147,7350,74,49,17767.4,partial,27,198450,2023-04-21,180682.6
804,Customer_804,customer804@mail.com,stored,Wheat,2024-08-02,2024-08-30,124,6200,28,42,4860.8,partial,54,0,2024-08-30,-4860.8
1602,Customer_1602,customer1602@mail.com,stored,Rice,2023-06-17,2023-08-02,58,2900,46,53,4713.47,no,55,0,2023-08-02,-4713.47
544,Customer_544,customer544@mail.com,sold,Barley,2023-10-29,2024-04-26,24,600,180,49,7056.0,partial,36,0,2024-04-26,-7056.0
307,Customer_307,customer307@mail.com,storing,Millet,2024-05-08,2024-07-24,36,900,77,45,4158.0,yes,54,0,2024-07-24,-4158.0
387,Customer_387,customer387@mail.com,storing,Barley,2024-07-23,2024-09-23,82,2050,62,27,4575.6,yes,54,110700,2024-09-23,106124.4
499,Customer_499,customer499@mail.com,sold,Rice,2023-12-13,2024-06-07,41,1025,177,55,13304.5,yes,33,33825,2024-06-07,20520.5
1372,Customer_1372,customer1372@mail.com,stored,Wheat,2024-03-14,2024-07-13,196,9800,121,28,22134.93,no,36,0,2024-07-13,-22134.93
1816,Customer_1816,customer1816@mail.com,sold,Sorghum,2023-05-09,2023-10-29,83,2075,173,20,9572.67,no,40,0,2023-10-29,-9572.67
400,Customer_400,customer400@mail.com,stored,Millet,2023-05-31,2023-08-08,120,3000,69,59,16284.0,no,48,0,2023-08-08,-16284.0
368,Customer_368,customer368@mail.com,storing,Sorghum,2024-07-12,2024-12-21,39,975,162,35,7371.0,yes,44,0,2024-12-21,-7371.0
1409,Customer_1409,customer1409@mail.com,sold,Maize,2024-04-27,2024-10-12,192,9600,168,26,27955.2,no,48,460800,2024-10-12,432844.8
593,Customer_593,customer593@mail.com,storing,Wheat,2023-06-06,2023-11-23,138,6900,170,44,34408.0,yes,52,0,2023-11-23,-34408.0
612,Customer_612,customer612@mail.com,stored,Sorghum,2023-10-16,2023-11-03,44,1100,18,35,924.0,no,39,42900,2023-11-03,41976.0
1432,Customer_1432,customer1432@mail.com,sold,Rice,2023-01-02,2023-06-12,143,7150,161,39,29929.9,no,39,0,2023-06-12,-29929.9
746,Customer_746,customer746@mail.com,sold,Sorghum,2023-07-04,2023-12-30,87,2175,179,29,15053.9,partial,45,97875,2023-12-30,82821.1
1811,Customer_1811,customer1811@mail.com,sold,Barley,2024-07-18,2024-11-23,98,4900,128,26,10871.47,partial,53,0,2024-11-23,-10871.47
1127,Customer_1127,customer1127@mail.com,sold,Millet,2024-05-23,2024-06-07,178,4450,15,20,1780.0,no,25,111250,2024-06-07,109470.0
707,Customer_707,customer707@mail.com,stored,Wheat,2023-02-09,2023-07-10,164,8200,151,42,34669.6,yes,37,303400,2023-07-10,268730.4
1549,Customer_1549,customer1549@mail.com,sold,Wheat,2024-03-01,2024-08-02,84,4200,154,48,20697.6,yes,50,210000,2024-08-02,189302.4
214,Customer_214,customer214@mail.com,sold,Rice,2023-01-12,2023-04-27,99,4950,105,49,16978.5,partial,44,217800,2023-04-27,200821.5
1091,Customer_1091,customer1091@mail.com,sold,Maize,2024-08-15,2024-09-02,18,450,18,24,259.2,yes,36,16200,2024-09-02,15940.8
900,Customer_900,customer900@mail.com,sold,Sorghum,2023-06-07,2023-07-07,119,2975,30,21,2499.0,yes,37,110075,2023-07-07,107576.0
426,Customer_426,customer426@mail.com,stored,Sorghum,2023-11-26,2024-01-28,132,3300,63,31,8593.2,yes,50,165000,2024-01-28,156406.8
445,Customer_445,customer445@mail.com,storing,Maize,2023-01-15,2023-02-03,92,2300,19,37,2155.87,partial,35,0,2023-02-03,-2155.87
863,Customer_863,customer863@mail.com,stored,Sorghum,2023-04-17,2023-07-31,150,7500,105,35,18375.0,partial,37,0,2023-07-31,-18375.0
1386,Customer_1386,customer1386@mail.com,storing,Barley,2024-03-17,2024-06-23,77,3850,98,46,11570.53,partial,30,0,2024-06-23,-11570.53
1935,Customer_1935,customer1935@mail.com,stored,Millet,2023-07-30,2023-11-23,176,4400,116,39,26540.8,no,47,206800,2023-11-23,180259.2
445,Customer_445,customer445@mail.com,storing,Sorghum,2023-10-22,2023-11-27,184,9200,36,35,7728.0,partial,28,257600,2023-11-27,249872.0
1085,Customer_1085,customer1085@mail.com,stored,Sorghum,2023-08-17,2023-09-20,120,6000,34,40,5440.0,yes,28,168000,2023-09-20,162560.0
326,Customer_326,customer326@mail.com,stored,Maize,2023-06-18,2023-08-24,181,9050,67,27,10914.3,partial,48,434400,2023-08-24,423485.7
1869,Customer_1869,customer1869@mail.com,storing,Barley,2023-12-04,2023-12-23,84,2100,19,38,2021.6,partial,32,67200,2023-12-23,65178.4
1582,Customer_1582,customer1582@mail.com,sold,Wheat,2024-05-18,2024-07-28,95,4750,71,37,8318.83,no,31,0,2024-07-28,-8318.83
1328,Customer_1328,customer1328@mail.com,sold,Sorghum,2023-07-04,2023-08-05,67,3350,32,37,2644.27,partial,40,134000,2023-08-05,131355.73
1323,Customer_1323,customer1323@mail.com,storing,Sorghum,2024-01-16,2024-02-29,137,6850,44,38,7635.47,partial,53,363050,2024-02-29,355414.53
1092,Customer_1092,customer1092@mail.com,sold,Rice,2023-08-01,2023-11-16,134,3350,107,45,21507.0,partial,45,0,2023-11-16,-21507.0
932,Customer_932,customer932@mail.com,sold,Millet,2024-02-21,2024-04-29,44,1100,68,51,5086.4,no,36,0,2024-04-29,-5086.4
1654,Customer_1654,customer1654@mail.com,sold,Wheat,2024-04-06,2024-05-08,74,3700,32,25,1973.33,partial,27,99900,2024-05-08,97926.67
82,Customer_82,customer82@mail.com,stored,Rice,2023-11-10,2023-12-28,120,3000,48,29,5568.0,yes,51,153000,2023-12-28,147432.0
1884,Customer_1884,customer1884@mail.com,sold,Wheat,2024-03-01,2024-04-16,48,2400,46,36,2649.6,no,27,64800,2024-04-16,62150.4
945,Customer_945,customer945@mail.com,stored,Maize,2023-04-27,2023-06-26,56,2800,60,55,6160.0,partial,42,0,2023-06-26,-6160.0
1174,Customer_1174,customer1174@mail.com,sold,Rice,2024-04-10,2024-07-29,195,4875,110,42,30030.0,no,36,0,2024-07-29,-30030.0
1399,Customer_1399,customer1399@mail.com,sold,Maize,2023-12-14,2024-04-19,132,6600,127,24,13411.2,yes,52,343200,2024-04-19,329788.8
1795,Customer_1795,customer1795@mail.com,stored,Rice,2023-04-22,2023-06-04,171,8550,43,55,13480.5,yes,46,393300,2023-06-04,379819.5
1463,Customer_1463,customer1463@mail.com,stored,Rice,2023-01-26,2023-03-18,116,5800,51,59,11634.8,yes,53,0,2023-03-18,-11634.8
1866,Customer_1866,customer1866@mail.com,storing,Millet,2023-10-09,2023-12-18,28,700,70,48,3136.0,no,54,37800,2023-12-18,34664.0
1960,Customer_1960,customer1960@mail.com,sold,Millet,2023-02-05,2023-03-12,176,4400,35,42,8624.0,no,36,0,2023-03-12,-8624.0
229,Customer_229,customer229@mail.com,stored,Sorghum,2024-06-26,2024-09-11,113,5650,77,26,7540.87,partial,45,254250,2024-09-11,246709.13
1304,Customer_1304,customer1304@mail.com,storing,Sorghum,2023-10-15,2024-01-10,103,2575,87,48,14337.6,no,54,0,2024-01-10,-14337.6
784,Customer_784,customer784@mail.com,stored,Wheat,2024-06-10,2024-11-04,136,6800,147,44,29321.6,partial,46,312800,2024-11-04,283478.4
911,Customer_911,customer911@mail.com,sold,Wheat,2023-06-07,2023-07-22,119,2975,45,52,9282.0,yes,28,83300,2023-07-22,74018.0
1874,Customer_1874,customer1874@mail.com,storing,Rice,2023-09-05,2023-11-20,70,1750,76,50,8866.67,partial,53,0,2023-11-20,-8866.67
286,Customer_286,customer286@mail.com,storing,Rice,2024-01-19,2024-07-14,37,1850,177,53,11569.9,yes,49,90650,2024-07-14,79080.1
1095,Customer_1095,customer1095@mail.com,stored,Rice,2024-04-30,2024-05-12,136,3400,12,59,3209.6,no,48,163200,2024-05-12,159990.4
687,Customer_687,customer687@mail.com,stored,Millet,2023-11-03,2024-03-18,150,7500,136,48,32640.0,yes,42,0,2024-03-18,-32640.0
71,Customer_71,customer71@mail.com,stored,Wheat,2023-08-06,2023-10-23,118,5900,78,44,13499.2,yes,50,0,2023-10-23,-13499.2
1518,Customer_1518,customer1518@mail.com,stored,Rice,2023-12-26,2024-03-17,78,3900,82,28,5969.6,no,54,210600,2024-03-17,204630.4
1572,Customer_1572,customer1572@mail.com,storing,Wheat,2024-05-10,2024-08-22,16,800,104,26,1442.13,no,30,0,2024-08-22,-1442.13
510,Customer_510,customer510@mail.com,stored,Wheat,2023-04-29,2023-09-25,182,9100,149,53,47908.47,yes,35,0,2023-09-25,-47908.47
1845,Customer_1845,customer1845@mail.com,storing,Sorghum,2023-03-25,2023-06-23,98,2450,90,60,17640.0,partial,27,0,2023-06-23,-17640.0
1880,Customer_1880,customer1880@mail.com,stored,Maize,2023-08-13,2023-11-07,139,3475,86,53,21118.73,partial,31,0,2023-11-07,-21118.73
1363,Customer_1363,customer1363@mail.com,sold,Rice,2024-02-09,2024-06-23,75,1875,135,38,12825.0,partial,31,0,2024-06-23,-12825.0
607,Customer_607,customer607@mail.com,storing,Wheat,2024-04-28,2024-07-23,47,1175,86,28,3772.53,yes,27,0,2024-07-23,-3772.53
318,Customer_318,customer318@mail.com,storing,Maize,2023-11-20,2024-03-02,62,3100,103,59,12559.13,no,38,117800,2024-03-02,105240.87
1457,Customer_1457,customer1457@mail.com,stored,Rice,2023-07-22,2023-09-11,50,1250,51,31,2635.0,yes,28,35000,2023-09-11,32365.0
31,Customer_31,customer31@mail.com,sold,Maize,2023-05-12,2023-09-21,126,6300,132,41,22730.4,partial,38,0,2023-09-21,-22730.4
1201,Customer_1201,customer1201@mail.com,sold,Wheat,2024-07-14,2024-08-01,107,5350,18,30,1926.0,partial,53,0,2024-08-01,-1926.0
125,Customer_125,customer125@mail.com,storing,Barley,2023-03-19,2023-08-14,199,9950,148,36,35342.4,yes,25,0,2023-08-14,-35342.4
845,Customer_845,customer845@mail.com,stored,Wheat,2024-02-19,2024-04-23,62,3100,64,54,7142.4,no,43,0,2024-04-23,-7142.4
74,Customer_74,customer74@mail.com,stored,Sorghum,2023-02-02,2023-03-03,73,1825,29,46,3246.07,no,34,0,2023-03-03,-3246.07
1630,Customer_1630,customer1630@mail.com,stored,Sorghum,2023-05-21,2023-07-25,161,4025,65,23,8023.17,no,44,0,2023-07-25,-8023.17
1779,Customer_1779,customer1779@mail.com,sold,Millet,2023-05-04,2023-08-07,42,1050,95,38,5054.0,yes,30,0,2023-08-07,-5054.0
1154,Customer_1154,customer1154@mail.com,sold,Rice,2024-06-07,2024-10-24,110,2750,139,46,23444.67,no,47,0,2024-10-24,-23444.67
1541,Customer_1541,customer1541@mail.com,sold,Wheat,2023-10-18,2024-03-23,99,4950,157,38,19687.8,partial,40,0,2024-03-23,-19687.8
1093,Customer_1093,customer1093@mail.com,stored,Barley,2024-07-17,2024-12-08,49,1225,144,47,11054.4,no,30,36750,2024-12-08,25695.6
1769,Customer_1769,customer1769@mail.com,storing,Wheat,2023-05-14,2023-05-29,179,4475,15,59,5280.5,partial,37,165575,2023-05-29,160294.5
171,Customer_171,customer171@mail.com,stored,Maize,2024-01-31,2024-02-26,35,1750,26,48,1456.0,no,52,0,2024-02-26,-1456.0
965,Customer_965,customer965@mail.com,storing,Millet,2023-03-03,2023-06-18,13,650,107,40,1854.67,no,40,0,2023-06-18,-1854.67
513,Customer_513,customer513@mail.com,sold,Wheat,2024-06-15,2024-07-14,42,2100,29,60,2436.0,yes,37,0,2024-07-14,-2436.0
1019,Customer_1019,customer1019@mail.com,sold,Sorghum,2024-01-05,2024-05-19,43,1075,135,26,5031.0,partial,43,0,2024-05-19,-5031.0
374,Customer_374,customer374@mail.com,stored,Sorghum,2023-02-13,2023-04-12,146,3650,58,33,9314.8,yes,50,0,2023-04-12,-9314.8
829,Customer_829,customer829@mail.com,sold,Maize,2023-09-25,2024-01-15,100,2500,112,59,22026.67,no,46,115000,2024-01-15,92973.33
1432,Customer_1432,customer1432@mail.com,stored,Sorghum,2024-04-07,2024-05-09,196,9800,32,29,6062.93,yes,44,0,2024-05-09,-6062.93
1997,Customer_1997,customer1997@mail.com,sold,Maize,2023-12-25,2024-02-06,35,875,43,27,1354.5,no,25,0,2024-02-06,-1354.5
471,Customer_471,customer471@mail.com,stored,Millet,2024-06-19,2024-11-29,60,1500,163,42,13692.0,no,47,0,2024-11-29,-13692.0
660,Customer_660,customer660@mail.com,stored,Rice,2024-04-27,2024-09-18,98,4900,144,52,24460.8,no,36,0,2024-09-18,-24460.8
1064,Customer_1064,customer1064@mail.com,stored,Wheat,2024-02-13,2024-04-13,173,8650,60,40,13840.0,no,32,276800,2024-04-13,262960.0
764,Customer_764,customer764@mail.com,storing,Barley,2023-10-26,2024-01-25,15,750,91,55,2502.5,partial,53,0,2024-01-25,-2502.5
706,Customer_706,customer706@mail.com,sold,Millet,2023-03-16,2023-03-26,70,3500,10,57,1330.0,yes,49,0,2023-03-26,-1330.0
558,Customer_558,customer558@mail.com,stored,Wheat,2023-09-07,2024-02-06,76,3800,152,51,19638.4,partial,43,163400,2024-02-06,143761.6
336,Customer_336,customer336@mail.com,sold,Wheat,2023-08-09,2023-12-08,124,3100,121,56,28007.47,yes,50,0,2023-12-08,-28007.47
1548,Customer_1548,customer1548@mail.com,stored,Wheat,2023-06-18,2023-08-31,48,2400,74,57,6748.8,partial,30,72000,2023-08-31,65251.2
1404,Customer_1404,customer1404@mail.com,stored,Millet,2024-08-07,2024-11-25,66,3300,110,37,8954.0,partial,54,178200,2024-11-25,169246.0
203,Customer_203,customer203@mail.com,storing,Sorghum,2023-10-18,2023-11-16,139,6950,29,39,5240.3,no,29,201550,2023-11-16,196309.7
567,Customer_567,customer567@mail.com,sold,Barley,2024-07-30,2024-08-30,137,6850,31,38,5379.53,no,55,0,2024-08-30,-5379.53
871,Customer_871,customer871@mail.com,storing,Sorghum,2023-04-25,2023-05-19,86,4300,24,59,4059.2,no,38,163400,2023-05-19,159340.8
412,Customer_412,customer412@mail.com,stored,Barley,2024-02-25,2024-06-19,116,2900,115,46,20454.67,no,42,121800,2024-06-19,101345.33
47,Customer_47,customer47@mail.com,storing,Sorghum,2023-01-19,2023-05-15,14,350,116,20,1082.67,no,53,18550,2023-05-15,17467.33
1426,Customer_1426,customer1426@mail.com,storing,Barley,2023-01-29,2023-07-17,95,2375,169,38,20336.33,yes,28,66500,2023-07-17,46163.67
1106,Customer_1106,customer1106@mail.com,storing,Rice,2023-06-11,2023-11-03,31,775,145,55,8240.83,yes,25,19375,2023-11-03,11134.17
1400,Customer_1400,customer1400@mail.com,stored,Sorghum,2023-07-29,2023-11-06,13,650,100,58,2513.33,yes,50,32500,2023-11-06,29986.67
232,Customer_232,customer232@mail.com,sold,Wheat,2024-02-16,2024-03-11,157,7850,24,22,2763.2,partial,28,219800,2024-03-11,217036.8
1412,Customer_1412,customer1412@mail.com,storing,Maize,2024-07-07,2024-11-08,33,1650,124,39,5319.6,yes,39,64350,2024-11-08,59030.4
1020,Customer_1020,customer1020@mail.com,storing,Wheat,2024-07-06,2024-10-22,100,5000,108,25,9000.0,partial,30,0,2024-10-22,-9000.0
54,Customer_54,customer54@mail.com,storing,Wheat,2023-06-13,2023-07-03,179,8950,20,49,5847.33,partial,26,232700,2023-07-03,226852.67
1760,Customer_1760,customer1760@mail.com,stored,Millet,2023-02-11,2023-05-31,71,3550,109,60,15478.0,yes,41,145550,2023-05-31,130072.0
1527,Customer_1527,customer1527@mail.com,sold,Rice,2023-01-27,2023-02-15,179,4475,19,27,3060.9,partial,40,0,2023-02-15,-3060.9
328,Customer_328,customer328@mail.com,sold,Barley,2024-06-17,2024-09-27,63,1575,102,39,8353.8,no,33,0,2024-09-27,-8353.8
1992,Customer_1992,customer1992@mail.com,sold,Rice,2023-05-28,2023-09-25,43,1075,120,38,6536.0,partial,48,51600,2023-09-25,45064.0
1902,Customer_1902,customer1902@mail.com,sold,Rice,2024-01-26,2024-03-26,24,1200,60,20,960.0,no,42,0,2024-03-26,-960.0
93,Customer_93,customer93@mail.com,storing,Wheat,2023-06-02,2023-09-03,133,6650,93,23,9482.9,no,52,0,2023-09-03,-9482.9
642,Customer_642,customer642@mail.com,storing,Rice,2023-02-25,2023-04-13,32,800,47,23,1153.07,partial,25,0,2023-04-13,-1153.07
1706,Customer_1706,customer1706@mail.com,sold,Sorghum,2023-03-01,2023-04-01,54,2700,31,48,2678.4,yes,50,0,2023-04-01,-2678.4
361,Customer_361,customer361@mail.com,storing,Rice,2023-09-16,2024-01-03,180,4500,109,30,19620.0,yes,27,0,2024-01-03,-19620.0
1518,Customer_1518,customer1518@mail.com,stored,Sorghum,2024-02-24,2024-04-09,123,6150,45,54,9963.0,yes,40,0,2024-04-09,-9963.0
973,Customer_973,customer973@mail.com,stored,Maize,2024-03-20,2024-06-01,112,5600,73,31,8448.53,yes,34,0,2024-06-01,-8448.53
1951,Customer_1951,customer1951@mail.com,sold,Maize,2023-12-26,2024-04-21,192,4800,117,38,28454.4,partial,42,0,2024-04-21,-28454.4
69,Customer_69,customer69@mail.com,storing,Millet,2023-01-12,2023-05-23,137,6850,131,52,31108.13,yes,39,267150,2023-05-23,236041.87
1562,Customer_1562,customer1562@mail.com,storing,Rice,2023-06-17,2023-09-26,133,3325,101,49,21940.57,no,42,0,2023-09-26,-21940.57
1649,Customer_1649,customer1649@mail.com,storing,Rice,2024-03-04,2024-06-15,132,6600,103,20,9064.0,partial,53,349800,2024-06-15,340736.0
1735,Customer_1735,customer1735@mail.com,stored,Barley,2024-06-18,2024-12-08,40,2000,173,33,7612.0,yes,28,56000,2024-12-08,48388.0
1270,Customer_1270,customer1270@mail.com,stored,Wheat,2023-06-09,2023-10-02,99,4950,115,50,18975.0,partial,48,237600,2023-10-02,218625.0
273,Customer_273,customer273@mail.com,stored,Wheat,2023-11-27,2024-02-25,115,2875,90,43,14835.0,partial,26,74750,2024-02-25,59915.0
539,Customer_539,customer539@mail.com,stored,Sorghum,2023-05-08,2023-06-08,47,1175,31,26,1262.73,yes,48,0,2023-06-08,-1262.73
1798,Customer_1798,customer1798@mail.com,sold,Sorghum,2023-02-05,2023-04-04,168,4200,58,44,14291.2,yes,26,109200,2023-04-04,94908.8
229,Customer_229,customer229@mail.com,stored,Barley,2024-02-27,2024-04-10,33,825,43,20,946.0,no,39,0,2024-04-10,-946.0
1825,Customer_1825,customer1825@mail.com,storing,Sorghum,2024-06-15,2024-06-29,15,375,14,34,238.0,partial,27,10125,2024-06-29,9887.0
1309,Customer_1309,customer1309@mail.com,sold,Sorghum,2023-02-03,2023-07-20,76,3800,167,30,12692.0,no,26,0,2023-07-20,-12692.0
1863,Customer_1863,customer1863@mail.com,storing,Rice,2023-08-29,2023-09-15,180,4500,17,23,2346.0,yes,48,0,2023-09-15,-2346.0
257,Customer_257,customer257@mail.com,stored,Barley,2023-04-29,2023-06-08,179,4475,40,49,11694.67,partial,37,165575,2023-06-08,153880.33
1900,Customer_1900,customer1900@mail.com,storing,Wheat,2023-07-21,2023-11-30,71,3550,132,51,15932.4,partial,36,0,2023-11-30,-15932.4
425,Customer_425,customer425@mail.com,stored,Rice,2024-05-13,2024-08-02,147,3675,81,48,19051.2,partial,32,117600,2024-08-02,98548.8
619,Customer_619,customer619@mail.com,sold,Maize,2024-01-20,2024-05-19,164,8200,120,47,30832.0,no,44,360800,2024-05-19,329968.0
1376,Customer_1376,customer1376@mail.com,sold,Sorghum,2023-09-24,2024-01-16,33,1650,114,44,5517.6,partial,42,69300,2024-01-16,63782.4
1163,Customer_1163,customer1163@mail.com,stored,Rice,2023-06-25,2023-08-07,194,9700,43,24,6673.6,partial,43,0,2023-08-07,-6673.6
1439,Customer_1439,customer1439@mail.com,sold,Barley,2023-04-29,2023-08-29,36,1800,122,47,6880.8,partial,27,0,2023-08-29,-6880.8
1133,Customer_1133,customer1133@mail.com,storing,Rice,2024-07-01,2024-12-19,69,1725,171,57,22418.1,yes,43,74175,2024-12-19,51756.9
1495,Customer_1495,customer1495@mail.com,storing,Barley,2024-05-08,2024-08-13,115,5750,97,43,15988.83,no,44,253000,2024-08-13,237011.17
648,Customer_648,customer648@mail.com,sold,Sorghum,2024-01-30,2024-04-06,85,2125,67,28,5315.33,yes,42,89250,2024-04-06,83934.67
259,Customer_259,customer259@mail.com,sold,Rice,2024-08-16,2024-11-19,29,1450,95,26,2387.67,yes,32,0,2024-11-19,-2387.67
1193,Customer_1193,customer1193@mail.com,storing,Wheat,2023-03-21,2023-09-06,73,1825,169,50,20561.67,yes,31,0,2023-09-06,-20561.67
1086,Customer_1086,customer1086@mail.com,storing,Maize,2024-04-30,2024-05-25,97,2425,25,42,3395.0,no,46,111550,2024-05-25,108155.0
1302,Customer_1302,customer1302@mail.com,sold,Millet,2024-07-04,2024-09-07,129,6450,65,39,10900.5,yes,30,0,2024-09-07,-10900.5
963,Customer_963,customer963@mail.com,stored,Barley,2023-08-13,2023-09-11,89,2225,29,41,3527.37,no,50,0,2023-09-11,-3527.37
821,Customer_821,customer821@mail.com,storing,Sorghum,2024-03-08,2024-04-27,78,1950,50,26,3380.0,no,36,0,2024-04-27,-3380.0
356,Customer_356,customer356@mail.com,stored,Rice,2024-01-24,2024-03-06,17,850,42,26,618.8,no,51,0,2024-03-06,-618.8
1112,Customer_1112,customer1112@mail.com,storing,Maize,2024-03-09,2024-05-11,51,2550,63,49,5247.9,no,38,0,2024-05-11,-5247.9
355,Customer_355,customer355@mail.com,storing,Millet,2023-07-23,2023-11-11,166,4150,111,39,23953.8,yes,46,0,2023-11-11,-23953.8
450,Customer_450,customer450@mail.com,sold,Barley,2024-04-01,2024-07-11,94,2350,101,33,10443.4,partial,49,115150,2024-07-11,104706.6
534,Customer_534,customer534@mail.com,stored,Rice,2024-05-07,2024-05-19,72,3600,12,44,1267.2,no,41,0,2024-05-19,-1267.2
390,Customer_390,customer390@mail.com,storing,Wheat,2023-08-15,2023-12-28,64,3200,135,52,14976.0,no,35,112000,2023-12-28,97024.0
887,Customer_887,customer887@mail.com,storing,Rice,2024-08-09,2024-09-25,169,4225,47,41,10855.43,partial,34,143650,2024-09-25,132794.57
1758,Customer_1758,customer1758@mail.com,storing,Barley,2023-08-17,2023-09-12,171,4275,26,37,5483.4,yes,28,119700,2023-09-12,114216.6
1274,Customer_1274,customer1274@mail.com,stored,Wheat,2024-02-25,2024-07-11,130,3250,137,58,34432.67,no,52,0,2024-07-11,-34432.67
500,Customer_500,customer500@mail.com,stored,Millet,2024-01-17,2024-01-30,155,3875,13,43,2888.17,yes,35,135625,2024-01-30,132736.83
346,Customer_346,customer346@mail.com,storing,Wheat,2024-01-26,2024-06-21,132,3300,147,23,14876.4,no,53,174900,2024-06-21,160023.6
1639,Customer_1639,customer1639@mail.com,stored,Rice,2024-02-20,2024-06-16,50,1250,117,53,10335.0,partial,27,33750,2024-06-16,23415.0
811,Customer_811,customer811@mail.com,sold,Rice,2023-05-08,2023-11-01,11,550,177,59,3829.1,partial,28,0,2023-11-01,-3829.1
1881,Customer_1881,customer1881@mail.com,sold,Maize,2023-07-16,2023-10-01,73,3650,77,32,5995.73,partial,55,200750,2023-10-01,194754.27
959,Customer_959,customer959@mail.com,stored,Barley,2023-04-07,2023-06-30,150,7500,84,51,21420.0,yes,53,0,2023-06-30,-21420.0
1746,Customer_1746,customer1746@mail.com,stored,Sorghum,2023-03-03,2023-04-05,13,325,33,23,328.9,yes,53,17225,2023-04-05,16896.1
1773,Customer_1773,customer1773@mail.com,stored,Wheat,2023-03-03,2023-07-11,185,4625,130,59,47298.33,partial,27,0,2023-07-11,-47298.33
482,Customer_482,customer482@mail.com,stored,Maize,2023-08-07,2023-10-25,191,9550,79,25,12574.17,no,31,296050,2023-10-25,283475.83
201,Customer_201,customer201@mail.com,storing,Maize,2023-08-06,2023-09-16,75,3750,41,24,2460.0,partial,51,0,2023-09-16,-2460.0
1739,Customer_1739,customer1739@mail.com,sold,Maize,2023-09-06,2023-10-27,158,7900,51,42,11281.2,partial,38,300200,2023-10-27,288918.8
1901,Customer_1901,customer1901@mail.com,storing,Wheat,2023-03-24,2023-09-03,168,8400,163,52,47465.6,no,25,0,2023-09-03,-47465.6
2,Customer_2,customer2@mail.com,sold,Rice,2023-06-09,2023-09-29,118,5900,112,52,22907.73,yes,41,241900,2023-09-29,218992.27
1586,Customer_1586,customer1586@mail.com,stored,Maize,2023-04-25,2023-06-05,113,2825,41,49,7567.23,partial,37,0,2023-06-05,-7567.23
1733,Customer_1733,customer1733@mail.com,sold,Millet,2024-04-17,2024-09-10,51,2550,146,54,13402.8,no,30,0,2024-09-10,-13402.8
1116,Customer_1116,customer1116@mail.com,sold,Millet,2023-11-16,2024-03-29,25,625,134,58,6476.67,partial,53,0,2024-03-29,-6476.67
1846,Customer_1846,customer1846@mail.com,storing,Rice,2024-06-24,2024-09-17,24,600,85,44,2992.0,partial,36,21600,2024-09-17,18608.0
1071,Customer_1071,customer1071@mail.com,sold,Sorghum,2024-07-27,2024-08-06,196,9800,10,36,2352.0,no,27,264600,2024-08-06,262248.0
1480,Customer_1480,customer1480@mail.com,stored,Rice,2023-09-29,2024-03-23,190,4750,176,57,63536.0,partial,29,137750,2024-03-23,74214.0
963,Customer_963,customer963@mail.com,stored,Barley,2024-04-09,2024-09-03,51,1275,147,38,9496.2,no,39,0,2024-09-03,-9496.2
1537,Customer_1537,customer1537@mail.com,storing,Rice,2024-04-15,2024-07-15,12,600,91,42,1528.8,no,49,0,2024-07-15,-1528.8
1859,Customer_1859,customer1859@mail.com,sold,Barley,2023-09-21,2023-12-26,113,5650,96,24,8678.4,no,49,276850,2023-12-26,268171.6
1144,Customer_1144,customer1144@mail.com,stored,Barley,2023-06-19,2023-08-06,79,1975,48,52,6572.8,no,42,82950,2023-08-06,76377.2
529,Customer_529,customer529@mail.com,stored,Rice,2023-06-29,2023-08-19,193,4825,51,36,11811.6,no,49,0,2023-08-19,-11811.6
1783,Customer_1783,customer1783@mail.com,storing,Millet,2023-08-27,2024-01-26,84,4200,152,46,19577.6,partial,26,109200,2024-01-26,89622.4
253,Customer_253,customer253@mail.com,storing,Rice,2024-04-29,2024-08-07,89,4450,100,34,10086.67,no,27,120150,2024-08-07,110063.33
1382,Customer_1382,customer1382@mail.com,stored,Millet,2023-12-15,2024-01-12,77,3850,28,47,3377.73,yes,44,0,2024-01-12,-3377.73
739,Customer_739,customer739@mail.com,storing,Millet,2023-09-03,2023-11-01,14,700,59,43,1183.93,yes,27,0,2023-11-01,-1183.93
2,Customer_2,customer2@mail.com,sold,Rice,2023-11-04,2023-11-23,152,3800,19,21,2021.6,no,44,0,2023-11-23,-2021.6
455,Customer_455,customer455@mail.com,storing,Sorghum,2024-07-22,2024-12-24,91,2275,155,22,10343.67,partial,31,0,2024-12-24,-10343.67
266,Customer_266,customer266@mail.com,sold,Millet,2023-01-19,2023-04-04,170,4250,75,41,17425.0,partial,33,0,2023-04-04,-17425.0
1767,Customer_1767,customer1767@mail.com,sold,Maize,2024-01-08,2024-05-10,27,1350,123,32,3542.4,partial,33,44550,2024-05-10,41007.6
209,Customer_209,customer209@mail.com,storing,Millet,2023-07-08,2023-09-18,199,9950,72,49,23402.4,yes,53,527350,2023-09-18,503947.6
349,Customer_349,customer349@mail.com,sold,Sorghum,2023-01-23,2023-03-27,20,500,63,43,1806.0,no,33,16500,2023-03-27,14694.0
351,Customer_351,customer351@mail.com,sold,Sorghum,2023-05-01,2023-06-23,168,8400,53,25,7420.0,yes,48,403200,2023-06-23,395780.0
1070,Customer_1070,customer1070@mail.com,storing,Rice,2023-01-12,2023-04-02,137,3425,80,36,13152.0,partial,50,0,2023-04-02,-13152.0
335,Customer_335,customer335@mail.com,sold,Sorghum,2023-02-25,2023-06-13,180,4500,108,56,36288.0,partial,25,112500,2023-06-13,76212.0
1341,Customer_1341,customer1341@mail.com,stored,Millet,2023-02-09,2023-05-25,63,1575,105,37,8158.5,yes,44,69300,2023-05-25,61141.5
481,Customer_481,customer481@mail.com,stored,Sorghum,2023-04-04,2023-05-30,36,1800,56,33,2217.6,partial,37,66600,2023-05-30,64382.4
1746,Customer_1746,customer1746@mail.com,storing,Wheat,2024-04-23,2024-08-27,41,2050,126,36,6199.2,yes,35,71750,2024-08-27,65550.8
1703,Customer_1703,customer1703@mail.com,stored,Millet,2023-01-03,2023-04-10,167,8350,97,39,21058.7,partial,28,0,2023-04-10,-21058.7
457,Customer_457,customer457@mail.com,storing,Barley,2024-02-16,2024-07-31,140,3500,166,48,37184.0,no,35,122500,2024-07-31,85316.0
1794,Customer_1794,customer1794@mail.com,storing,Barley,2023-09-28,2023-12-09,61,3050,72,38,5563.2,yes,32,97600,2023-12-09,92036.8
1758,Customer_1758,customer1758@mail.com,stored,Millet,2023-01-28,2023-05-27,124,6200,119,56,27544.53,yes,48,297600,2023-05-27,270055.47
1838,Customer_1838,customer1838@mail.com,stored,Millet,2023-09-19,2023-12-13,33,825,85,24,2244.0,yes,53,0,2023-12-13,-2244.0
1461,Customer_1461,customer1461@mail.com,storing,Wheat,2023-01-12,2023-04-13,187,9350,91,53,30063.37,partial,31,289850,2023-04-13,259786.63
902,Customer_902,customer902@mail.com,sold,Wheat,2024-04-30,2024-06-18,105,5250,49,41,7031.5,partial,34,0,2024-06-18,-7031.5
357,Customer_357,customer357@mail.com,sold,Sorghum,2023-07-22,2023-10-05,96,4800,75,35,8400.0,partial,32,153600,2023-10-05,145200.0
1075,Customer_1075,customer1075@mail.com,storing,Sorghum,2023-01-15,2023-04-26,192,4800,101,56,36198.4,no,36,172800,2023-04-26,136601.6
1845,Customer_1845,customer1845@mail.com,sold,Rice,2023-03-27,2023-06-21,39,1950,86,47,5254.6,partial,39,0,2023-06-21,-5254.6
404,Customer_404,customer404@mail.com,storing,Rice,2023-09-29,2023-11-24,182,9100,56,47,15967.47,no,47,0,2023-11-24,-15967.47
161,Customer_161,customer161@mail.com,stored,Barley,2023-11-08,2024-01-14,11,550,67,23,565.03,yes,49,0,2024-01-14,-565.03
1693,Customer_1693,customer1693@mail.com,stored,Maize,2023-02-03,2023-02-17,143,7150,14,35,2335.67,yes,54,386100,2023-02-17,383764.33
1984,Customer_1984,customer1984@mail.com,sold,Maize,2024-01-01,2024-06-08,73,1825,159,22,8511.8,yes,30,0,2024-06-08,-8511.8
665,Customer_665,customer665@mail.com,storing,Maize,2023-02-26,2023-06-16,11,275,110,20,806.67,yes,38,0,2023-06-16,-806.67
1249,Customer_1249,customer1249@mail.com,stored,Sorghum,2024-07-12,2024-08-30,192,4800,49,53,16620.8,yes,34,0,2024-08-30,-16620.8
1051,Customer_1051,customer1051@mail.com,sold,Barley,2023-10-30,2024-03-07,166,4150,129,32,22841.6,yes,35,0,2024-03-07,-22841.6
1606,Customer_1606,customer1606@mail.com,storing,Millet,2023-02-21,2023-03-13,145,3625,20,26,2513.33,yes,48,0,2023-03-13,-2513.33
782,Customer_782,customer782@mail.com,sold,Wheat,2024-04-07,2024-05-12,74,3700,35,34,2935.33,partial,32,0,2024-05-12,-2935.33
1383,Customer_1383,customer1383@mail.com,stored,Sorghum,2023-07-08,2023-08-24,164,4100,47,35,8992.67,partial,26,0,2023-08-24,-8992.67
271,Customer_271,customer271@mail.com,storing,Rice,2024-08-22,2024-10-20,81,2025,59,43,6849.9,no,41,0,2024-10-20,-6849.9
1066,Customer_1066,customer1066@mail.com,sold,Millet,2023-06-19,2023-09-04,128,3200,77,21,6899.2,no,28,89600,2023-09-04,82700.8
387,Customer_387,customer387@mail.com,storing,Rice,2023-05-30,2023-08-19,97,4850,81,52,13618.8,yes,35,0,2023-08-19,-13618.8
31,Customer_31,customer31@mail.com,storing,Sorghum,2024-01-08,2024-01-29,91,4550,21,57,3630.9,yes,33,150150,2024-01-29,146519.1
860,Customer_860,customer860@mail.com,storing,Maize,2024-03-25,2024-09-13,76,3800,172,59,25708.27,partial,36,0,2024-09-13,-25708.27
765,Customer_765,customer765@mail.com,sold,Wheat,2023-04-20,2023-09-06,68,3400,139,31,9767.07,no,50,170000,2023-09-06,160232.93
734,Customer_734,customer734@mail.com,sold,Millet,2024-03-17,2024-07-25,179,8950,130,40,31026.67,no,47,0,2024-07-25,-31026.67
1588,Customer_1588,customer1588@mail.com,sold,Rice,2024-03-20,2024-06-01,77,1925,73,46,8618.87,partial,55,105875,2024-06-01,97256.13
1462,Customer_1462,customer1462@mail.com,stored,Millet,2023-07-12,2023-09-15,174,4350,65,59,22243.0,yes,51,0,2023-09-15,-22243.0
862,Customer_862,customer862@mail.com,storing,Millet,2023-03-24,2023-04-07,138,3450,14,59,3799.6,yes,28,96600,2023-04-07,92800.4
1698,Customer_1698,customer1698@mail.com,storing,Barley,2023-03-01,2023-07-15,149,3725,136,45,30396.0,partial,38,0,2023-07-15,-30396.0
575,Customer_575,customer575@mail.com,storing,Barley,2024-01-11,2024-04-04,24,600,84,46,3091.2,yes,33,19800,2024-04-04,16708.8
205,Customer_205,customer205@mail.com,storing,Millet,2023-02-22,2023-03-18,74,3700,24,39,2308.8,yes,37,0,2023-03-18,-2308.8
453,Customer_453,customer453@mail.com,storing,Barley,2024-02-08,2024-04-13,78,1950,65,55,9295.0,yes,46,0,2024-04-13,-9295.0
1118,Customer_1118,customer1118@mail.com,sold,Rice,2023-03-19,2023-06-29,98,2450,102,60,19992.0,no,30,73500,2023-06-29,53508.0
827,Customer_827,customer827@mail.com,storing,Millet,2023-09-13,2023-10-27,54,1350,44,25,1980.0,yes,50,67500,2023-10-27,65520.0
582,Customer_582,customer582@mail.com,stored,Sorghum,2023-04-21,2023-06-06,151,7550,46,52,12039.73,partial,35,0,2023-06-06,-12039.73
59,Customer_59,customer59@mail.com,stored,Wheat,2024-04-06,2024-05-04,50,1250,28,24,1120.0,partial,34,0,2024-05-04,-1120.0
1631,Customer_1631,customer1631@mail.com,stored,Millet,2023-06-21,2023-07-07,131,6550,16,41,2864.53,yes,44,288200,2023-07-07,285335.47
1069,Customer_1069,customer1069@mail.com,sold,Millet,2023-01-07,2023-05-14,182,4550,127,44,33900.53,yes,38,0,2023-05-14,-33900.53
388,Customer_388,customer388@mail.com,stored,Millet,2023-04-30,2023-08-28,168,4200,120,50,33600.0,no,29,0,2023-08-28,-33600.0
1076,Customer_1076,customer1076@mail.com,stored,Millet,2023-07-04,2023-10-10,133,6650,98,33,14337.4,partial,53,352450,2023-10-10,338112.6
564,Customer_564,customer564@mail.com,sold,Rice,2023-07-29,2023-08-23,151,7550,25,32,4026.67,no,49,369950,2023-08-23,365923.33
1218,Customer_1218,customer1218@mail.com,sold,Millet,2023-07-23,2023-12-09,195,4875,139,31,28008.5,yes,46,224250,2023-12-09,196241.5
1635,Customer_1635,customer1635@mail.com,stored,Rice,2024-08-06,2025-01-22,57,2850,169,48,15412.8,no,35,99750,2025-01-22,84337.2
1393,Customer_1393,customer1393@mail.com,stored,Maize,2024-04-15,2024-05-04,160,8000,19,28,2837.33,yes,52,0,2024-05-04,-2837.33
205,Customer_205,customer205@mail.com,stored,Rice,2023-11-28,2024-05-13,137,3425,167,60,45758.0,yes,33,0,2024-05-13,-45758.0
567,Customer_567,customer567@mail.com,sold,Sorghum,2024-06-03,2024-11-21,197,4925,171,21,23580.9,partial,44,0,2024-11-21,-23580.9
1427,Customer_1427,customer1427@mail.com,storing,Sorghum,2023-04-01,2023-07-10,137,6850,100,20,9133.33,yes,27,0,2023-07-10,-9133.33
1368,Customer_1368,customer1368@mail.com,storing,Maize,2024-07-30,2025-01-25,88,2200,179,35,18377.33,yes,29,63800,2025-01-25,45422.67
1561,Customer_1561,customer1561@mail.com,storing,Millet,2024-05-16,2024-10-09,101,2525,146,49,24085.13,yes,32,80800,2024-10-09,56714.87
553,Customer_553,customer553@mail.com,sold,Rice,2023-04-04,2023-09-04,185,4625,153,29,27361.5,partial,25,115625,2023-09-04,88263.5
1055,Customer_1055,customer1055@mail.com,storing,Millet,2024-01-30,2024-05-18,79,1975,109,33,9472.1,no,44,0,2024-05-18,-9472.1
1099,Customer_1099,customer1099@mail.com,sold,Sorghum,2023-05-31,2023-08-31,154,7700,92,38,17946.13,partial,38,292600,2023-08-31,274653.87
407,Customer_407,customer407@mail.com,stored,Millet,2023-10-24,2024-04-15,113,2825,174,22,14418.8,yes,41,0,2024-04-15,-14418.8
297,Customer_297,customer297@mail.com,stored,Millet,2023-05-22,2023-10-24,33,1650,155,52,8866.0,no,38,0,2023-10-24,-8866.0
1194,Customer_1194,customer1194@mail.com,sold,Wheat,2023-05-09,2023-09-15,162,8100,129,44,30650.4,no,55,0,2023-09-15,-30650.4
1324,Customer_1324,customer1324@mail.com,storing,Rice,2023-05-31,2023-08-03,189,4725,64,44,17740.8,no,49,231525,2023-08-03,213784.2
1122,Customer_1122,customer1122@mail.com,sold,Maize,2024-04-01,2024-06-24,196,4900,84,40,21952.0,partial,38,186200,2024-06-24,164248.0
760,Customer_760,customer760@mail.com,sold,Sorghum,2023-02-23,2023-08-20,160,4000,178,28,26581.33,partial,43,0,2023-08-20,-26581.33
301,Customer_301,customer301@mail.com,stored,Rice,2023-06-15,2023-07-17,106,2650,32,54,6105.6,yes,45,119250,2023-07-17,113144.4
1704,Customer_1704,customer1704@mail.com,stored,Millet,2024-02-16,2024-03-01,67,3350,14,38,1188.13,partial,40,134000,2024-03-01,132811.87
820,Customer_820,customer820@mail.com,sold,Sorghum,2024-03-04,2024-06-29,76,1900,117,40,11856.0,partial,54,0,2024-06-29,-11856.0
1863,Customer_1863,customer1863@mail.com,stored,Maize,2024-02-19,2024-07-05,11,275,137,42,2109.8,partial,46,12650,2024-07-05,10540.2
1002,Customer_1002,customer1002@mail.com,sold,Sorghum,2023-03-17,2023-06-19,142,7100,94,26,11568.27,partial,44,0,2023-06-19,-11568.27
1034,Customer_1034,customer1034@mail.com,stored,Wheat,2024-01-20,2024-02-08,105,5250,19,23,1529.5,no,50,262500,2024-02-08,260970.5
641,Customer_641,customer641@mail.com,sold,Rice,2023-07-13,2023-11-08,190,9500,118,49,36619.33,no,33,313500,2023-11-08,276880.67
559,Customer_559,customer559@mail.com,sold,Rice,2024-05-21,2024-09-11,107,2675,113,52,20957.73,partial,54,0,2024-09-11,-20957.73
1368,Customer_1368,customer1368@mail.com,storing,Millet,2023-10-08,2024-03-16,176,8800,160,47,44117.33,yes,40,352000,2024-03-16,307882.67
1021,Customer_1021,customer1021@mail.com,sold,Maize,2023-09-28,2024-02-24,93,2325,149,23,10623.7,yes,54,0,2024-02-24,-10623.7
647,Customer_647,customer647@mail.com,storing,Sorghum,2024-04-30,2024-10-27,157,3925,180,29,27318.0,partial,36,141300,2024-10-27,113982.0
935,Customer_935,customer935@mail.com,stored,Millet,2023-08-29,2023-12-04,163,8150,97,23,12121.77,yes,30,244500,2023-12-04,232378.23
708,Customer_708,customer708@mail.com,sold,Sorghum,2023-10-15,2023-12-27,85,2125,73,21,4343.5,yes,28,59500,2023-12-27,55156.5
1327,Customer_1327,customer1327@mail.com,storing,Rice,2023-06-05,2023-06-25,29,1450,20,51,986.0,yes,52,75400,2023-06-25,74414.0
427,Customer_427,customer427@mail.com,sold,Millet,2023-07-19,2023-08-31,63,1575,43,29,2618.7,partial,38,0,2023-08-31,-2618.7
1343,Customer_1343,customer1343@mail.com,storing,Millet,2024-06-03,2024-07-08,142,3550,35,27,4473.0,partial,50,0,2024-07-08,-4473.0
1565,Customer_1565,customer1565@mail.com,stored,Sorghum,2023-06-26,2023-10-26,173,8650,122,38,26734.27,partial,40,0,2023-10-26,-26734.27
1561,Customer_1561,customer1561@mail.com,storing,Millet,2023-03-07,2023-05-17,51,1275,71,22,2655.4,partial,44,56100,2023-05-17,53444.6
952,Customer_952,customer952@mail.com,sold,Millet,2023-03-18,2023-04-21,26,650,34,24,707.2,yes,42,0,2023-04-21,-707.2
967,Customer_967,customer967@mail.com,storing,Millet,2024-05-28,2024-10-13,149,3725,138,31,21247.4,no,40,0,2024-10-13,-21247.4
1208,Customer_1208,customer1208@mail.com,stored,Wheat,2023-12-03,2024-03-06,184,9200,94,51,29403.2,no,31,0,2024-03-06,-29403.2
898,Customer_898,customer898@mail.com,stored,Wheat,2023-05-23,2023-10-24,108,2700,154,32,17740.8,yes,50,0,2023-10-24,-17740.8
1712,Customer_1712,customer1712@mail.com,storing,Wheat,2023-09-15,2024-03-07,176,8800,174,25,25520.0,partial,35,0,2024-03-07,-25520.0
872,Customer_872,customer872@mail.com,sold,Rice,2023-09-17,2023-11-11,13,325,55,52,1239.33,no,30,0,2023-11-11,-1239.33
1770,Customer_1770,customer1770@mail.com,sold,Maize,2023-05-15,2023-08-01,132,6600,78,53,18189.6,yes,42,0,2023-08-01,-18189.6
1250,Customer_1250,customer1250@mail.com,storing,Millet,2023-10-03,2024-01-21,140,7000,110,44,22586.67,yes,37,259000,2024-01-21,236413.33
1000,Customer_1000,customer1000@mail.com,sold,Rice,2023-11-21,2023-12-04,14,350,13,42,254.8,no,43,15050,2023-12-04,14795.2
1180,Customer_1180,customer1180@mail.com,stored,Rice,2023-02-07,2023-02-19,198,4950,12,20,1584.0,no,54,0,2023-02-19,-1584.0
1427,Customer_1427,customer1427@mail.com,storing,Sorghum,2023-06-23,2023-07-27,70,1750,34,45,3570.0,yes,49,0,2023-07-27,-3570.0
1713,Customer_1713,customer1713@mail.com,sold,Wheat,2023-12-03,2024-01-21,162,8100,49,43,11377.8,partial,33,0,2024-01-21,-11377.8
1522,Customer_1522,customer1522@mail.com,storing,Maize,2024-03-02,2024-04-15,95,4750,44,60,8360.0,no,54,256500,2024-04-15,248140.0
1140,Customer_1140,customer1140@mail.com,stored,Barley,2023-11-22,2024-03-23,98,2450,122,59,23513.47,no,43,0,2024-03-23,-23513.47
1553,Customer_1553,customer1553@mail.com,sold,Maize,2023-03-07,2023-03-30,45,1125,23,29,1000.5,no,49,55125,2023-03-30,54124.5
1824,Customer_1824,customer1824@mail.com,sold,Sorghum,2023-12-20,2024-03-14,119,2975,85,45,15172.5,no,39,0,2024-03-14,-15172.5
443,Customer_443,customer443@mail.com,sold,Rice,2023-05-08,2023-09-03,164,8200,118,51,32898.4,partial,30,0,2023-09-03,-32898.4
828,Customer_828,customer828@mail.com,storing,Sorghum,2023-01-08,2023-03-10,187,9350,61,59,22433.77,yes,33,308550,2023-03-10,286116.23
840,Customer_840,customer840@mail.com,sold,Sorghum,2024-06-11,2024-09-09,128,3200,90,55,21120.0,no,51,163200,2024-09-09,142080.0
1955,Customer_1955,customer1955@mail.com,sold,Maize,2024-03-06,2024-06-29,77,1925,115,42,12397.0,no,32,0,2024-06-29,-12397.0
479,Customer_479,customer479@mail.com,sold,Millet,2023-04-13,2023-05-01,108,2700,18,27,1749.6,yes,48,129600,2023-05-01,127850.4
1954,Customer_1954,customer1954@mail.com,stored,Maize,2024-02-03,2024-07-10,151,7550,158,31,24653.27,yes,54,407700,2024-07-10,383046.73
1944,Customer_1944,customer1944@mail.com,sold,Maize,2023-07-12,2023-09-17,200,5000,67,31,13846.67,partial,33,165000,2023-09-17,151153.33
587,Customer_587,customer587@mail.com,sold,Sorghum,2024-05-14,2024-08-27,14,700,105,57,2793.0,partial,37,0,2024-08-27,-2793.0
1451,Customer_1451,customer1451@mail.com,storing,Millet,2023-07-15,2023-10-01,147,7350,78,50,19110.0,partial,45,0,2023-10-01,-19110.0
1696,Customer_1696,customer1696@mail.com,sold,Maize,2023-11-19,2024-04-20,74,1850,153,21,7925.4,yes,29,0,2024-04-20,-7925.4
1132,Customer_1132,customer1132@mail.com,storing,Sorghum,2024-08-11,2024-11-07,12,600,88,53,1865.6,partial,26,0,2024-11-07,-1865.6
454,Customer_454,customer454@mail.com,stored,Maize,2023-12-06,2024-01-09,40,1000,34,24,1088.0,yes,34,0,2024-01-09,-1088.0
1832,Customer_1832,customer1832@mail.com,storing,Wheat,2023-08-18,2023-10-09,86,4300,52,33,4919.2,yes,28,120400,2023-10-09,115480.8
860,Customer_860,customer860@mail.com,stored,Millet,2023-07-24,2023-10-13,59,1475,81,37,5894.1,yes,52,76700,2023-10-13,70805.9
1781,Customer_1781,customer1781@mail.com,storing,Sorghum,2024-04-07,2024-09-28,168,8400,174,33,32155.2,yes,52,0,2024-09-28,-32155.2
635,Customer_635,customer635@mail.com,sold,Millet,2024-03-04,2024-04-22,15,750,49,20,490.0,yes,36,27000,2024-04-22,26510.0
1780,Customer_1780,customer1780@mail.com,stored,Maize,2023-08-23,2024-01-15,188,9400,145,36,32712.0,no,51,0,2024-01-15,-32712.0
1568,Customer_1568,customer1568@mail.com,stored,Millet,2024-04-11,2024-06-20,49,2450,70,30,3430.0,partial,28,68600,2024-06-20,65170.0
1205,Customer_1205,customer1205@mail.com,sold,Maize,2024-04-04,2024-07-13,118,5900,100,55,21633.33,no,51,300900,2024-07-13,279266.67
371,Customer_371,customer371@mail.com,storing,Rice,2024-04-09,2024-08-18,96,4800,131,45,18864.0,no,29,139200,2024-08-18,120336.0
579,Customer_579,customer579@mail.com,stored,Millet,2023-11-11,2023-12-18,58,1450,37,51,3648.2,no,33,0,2023-12-18,-3648.2
860,Customer_860,customer860@mail.com,storing,Sorghum,2024-05-09,2024-08-09,149,3725,92,23,10509.47,partial,40,149000,2024-08-09,138490.53
1968,Customer_1968,customer1968@mail.com,stored,Sorghum,2023-12-23,2024-05-02,141,7050,131,42,25859.4,partial,55,0,2024-05-02,-25859.4
1405,Customer_1405,customer1405@mail.com,sold,Wheat,2023-12-12,2024-02-26,156,7800,76,43,16993.6,partial,31,241800,2024-02-26,224806.4
870,Customer_870,customer870@mail.com,sold,Millet,2023-03-28,2023-07-10,78,3900,104,45,12168.0,partial,33,0,2023-07-10,-12168.0
709,Customer_709,customer709@mail.com,sold,Millet,2023-09-24,2024-01-19,166,4150,117,60,38844.0,no,50,207500,2024-01-19,168656.0
1047,Customer_1047,customer1047@mail.com,storing,Maize,2024-03-09,2024-03-26,32,1600,17,50,906.67,no,48,0,2024-03-26,-906.67
1961,Customer_1961,customer1961@mail.com,storing,Sorghum,2023-02-02,2023-05-31,123,3075,118,52,25157.6,no,42,129150,2023-05-31,103992.4
1941,Customer_1941,customer1941@mail.com,storing,Barley,2023-05-29,2023-11-09,156,7800,164,32,27289.6,no,36,280800,2023-11-09,253510.4
609,Customer_609,customer609@mail.com,stored,Maize,2024-04-29,2024-06-09,83,2075,41,41,4650.77,partial,33,0,2024-06-09,-4650.77
1972,Customer_1972,customer1972@mail.com,storing,Millet,2023-09-15,2024-01-09,73,3650,116,48,13548.8,no,28,102200,2024-01-09,88651.2
1183,Customer_1183,customer1183@mail.com,storing,Sorghum,2023-03-07,2023-08-28,73,1825,174,59,24980.6,no,26,0,2023-08-28,-24980.6
1035,Customer_1035,customer1035@mail.com,sold,Sorghum,2023-12-03,2024-05-02,180,4500,151,24,21744.0,yes,44,0,2024-05-02,-21744.0
248,Customer_248,customer248@mail.com,stored,Maize,2023-07-23,2023-10-26,181,4525,95,51,29231.5,no,54,0,2023-10-26,-29231.5
1129,Customer_1129,customer1129@mail.com,sold,Maize,2023-04-13,2023-06-21,129,3225,69,29,8604.3,yes,34,0,2023-06-21,-8604.3
1697,Customer_1697,customer1697@mail.com,stored,Rice,2024-02-14,2024-03-07,193,9650,22,50,7076.67,yes,27,0,2024-03-07,-7076.67
1278,Customer_1278,customer1278@mail.com,stored,Wheat,2023-09-06,2024-02-12,178,4450,159,21,19811.4,no,40,0,2024-02-12,-19811.4
1018,Customer_1018,customer1018@mail.com,stored,Barley,2023-04-25,2023-10-13,67,3350,171,28,10693.2,no,51,170850,2023-10-13,160156.8
1037,Customer_1037,customer1037@mail.com,sold,Rice,2024-06-13,2024-11-04,80,4000,144,39,14976.0,yes,37,148000,2024-11-04,133024.0
1167,Customer_1167,customer1167@mail.com,storing,Rice,2023-03-14,2023-05-23,92,4600,70,60,12880.0,partial,43,197800,2023-05-23,184920.0
1877,Customer_1877,customer1877@mail.com,stored,Millet,2024-02-06,2024-06-21,141,3525,136,46,29403.2,no,30,105750,2024-06-21,76346.8
1336,Customer_1336,customer1336@mail.com,sold,Barley,2023-12-27,2024-01-20,39,1950,24,50,1560.0,partial,51,0,2024-01-20,-1560.0
1442,Customer_1442,customer1442@mail.com,sold,Rice,2023-04-15,2023-08-24,171,4275,131,46,34348.2,partial,39,0,2023-08-24,-34348.2
200,Customer_200,customer200@mail.com,stored,Rice,2023-01-18,2023-04-26,164,4100,98,38,20357.87,no,36,0,2023-04-26,-20357.87
1262,Customer_1262,customer1262@mail.com,storing,Rice,2023-04-15,2023-08-31,166,4150,138,26,19853.6,yes,43,0,2023-08-31,-19853.6
1822,Customer_1822,customer1822@mail.com,storing,Millet,2023-08-22,2023-11-25,35,1750,95,20,2216.67,no,36,63000,2023-11-25,60783.33
503,Customer_503,customer503@mail.com,sold,Wheat,2023-01-23,2023-07-05,108,2700,163,23,13496.4,partial,51,0,2023-07-05,-13496.4
802,Customer_802,customer802@mail.com,stored,Rice,2024-04-16,2024-05-05,195,9750,19,47,5804.5,yes,28,273000,2024-05-05,267195.5
128,Customer_128,customer128@mail.com,sold,Barley,2023-03-10,2023-06-26,170,4250,108,30,18360.0,partial,36,0,2023-06-26,-18360.0
1345,Customer_1345,customer1345@mail.com,sold,Wheat,2023-12-05,2024-05-22,101,2525,169,50,28448.33,no,32,80800,2024-05-22,52351.67
977,Customer_977,customer977@mail.com,sold,Sorghum,2024-08-20,2024-10-29,196,4900,70,20,9146.67,partial,49,240100,2024-10-29,230953.33
366,Customer_366,customer366@mail.com,storing,Sorghum,2023-08-11,2023-10-03,34,850,53,42,2522.8,yes,42,0,2023-10-03,-2522.8
844,Customer_844,customer844@mail.com,sold,Wheat,2023-11-06,2024-04-16,196,4900,162,38,40219.2,no,53,0,2024-04-16,-40219.2
998,Customer_998,customer998@mail.com,storing,Barley,2023-09-23,2023-12-24,164,4100,92,43,21626.13,partial,35,143500,2023-12-24,121873.87
383,Customer_383,customer383@mail.com,stored,Millet,2024-04-08,2024-09-07,100,2500,152,49,24826.67,yes,28,0,2024-09-07,-24826.67
284,Customer_284,customer284@mail.com,storing,Wheat,2023-10-22,2024-02-28,72,1800,129,35,10836.0,yes,29,52200,2024-02-28,41364.0
971,Customer_971,customer971@mail.com,stored,Sorghum,2024-06-21,2024-08-10,89,4450,50,60,8900.0,yes,27,120150,2024-08-10,111250.0
1803,Customer_1803,customer1803@mail.com,stored,Sorghum,2023-07-25,2023-10-30,13,650,97,35,1471.17,partial,44,0,2023-10-30,-1471.17
619,Customer_619,customer619@mail.com,storing,Millet,2024-04-20,2024-08-30,66,1650,132,26,7550.4,partial,26,0,2024-08-30,-7550.4
1005,Customer_1005,customer1005@mail.com,stored,Wheat,2024-06-19,2024-07-23,117,5850,34,25,3315.0,yes,28,0,2024-07-23,-3315.0
705,Customer_705,customer705@mail.com,storing,Sorghum,2024-08-07,2024-10-26,101,2525,80,51,13736.0,yes,54,136350,2024-10-26,122614.0
1686,Customer_1686,customer1686@mail.com,storing,Millet,2024-08-03,2025-01-28,139,3475,178,59,48659.27,no,28,97300,2025-01-28,48640.73
1237,Customer_1237,customer1237@mail.com,storing,Sorghum,2023-05-24,2023-09-28,66,1650,127,37,10337.8,no,34,56100,2023-09-28,45762.2
856,Customer_856,customer856@mail.com,stored,Wheat,2024-02-24,2024-03-31,59,2950,36,58,4106.4,yes,49,144550,2024-03-31,140443.6
1897,Customer_1897,customer1897@mail.com,stored,Maize,2023-08-17,2024-02-06,196,9800,173,28,31647.47,partial,38,372400,2024-02-06,340752.53
95,Customer_95,customer95@mail.com,stored,Millet,2023-10-03,2024-03-12,158,3950,161,36,30525.6,no,39,154050,2024-03-12,123524.4
929,Customer_929,customer929@mail.com,storing,Wheat,2024-05-03,2024-06-06,139,6950,34,28,4410.93,partial,29,0,2024-06-06,-4410.93
1364,Customer_1364,customer1364@mail.com,storing,Sorghum,2023-02-17,2023-07-03,50,1250,136,35,7933.33,yes,39,48750,2023-07-03,40816.67
306,Customer_306,customer306@mail.com,storing,Maize,2023-03-02,2023-06-07,148,7400,97,28,13398.93,no,37,273800,2023-06-07,260401.07
956,Customer_956,customer956@mail.com,storing,Barley,2024-07-28,2024-11-30,127,3175,125,25,13229.17,yes,29,92075,2024-11-30,78845.83
976,Customer_976,customer976@mail.com,storing,Wheat,2023-05-21,2023-09-14,33,825,116,28,3572.8,yes,42,34650,2023-09-14,31077.2
1708,Customer_1708,customer1708@mail.com,sold,Millet,2023-08-31,2024-01-28,196,4900,150,43,42140.0,yes,42,0,2024-01-28,-42140.0
77,Customer_77,customer77@mail.com,stored,Maize,2023-12-27,2024-02-20,132,3300,55,42,10164.0,yes,37,0,2024-02-20,-10164.0
927,Customer_927,customer927@mail.com,storing,Sorghum,2023-05-12,2023-06-26,84,4200,45,45,5670.0,yes,37,155400,2023-06-26,149730.0
1002,Customer_1002,customer1002@mail.com,sold,Maize,2023-04-05,2023-04-28,14,700,23,31,332.73,no,38,26600,2023-04-28,26267.27
3,Customer_3,customer3@mail.com,storing,Wheat,2023-09-28,2024-03-22,128,6400,176,40,30037.33,no,42,268800,2024-03-22,238762.67
1340,Customer_1340,customer1340@mail.com,storing,Millet,2024-01-23,2024-02-23,178,8900,31,41,7541.27,partial,46,409400,2024-02-23,401858.73
101,Customer_101,customer101@mail.com,stored,Sorghum,2023-07-19,2023-09-23,89,4450,66,26,5090.8,no,43,191350,2023-09-23,186259.2
1837,Customer_1837,customer1837@mail.com,storing,Barley,2023-03-27,2023-09-15,188,4700,172,28,30180.27,no,49,0,2023-09-15,-30180.27
1313,Customer_1313,customer1313@mail.com,sold,Maize,2024-04-22,2024-10-16,61,3050,177,60,21594.0,yes,45,137250,2024-10-16,115656.0
1715,Customer_1715,customer1715@mail.com,stored,Millet,2024-02-23,2024-06-18,134,6700,116,42,21761.6,yes,36,0,2024-06-18,-21761.6
489,Customer_489,customer489@mail.com,sold,Millet,2023-11-21,2024-04-05,64,1600,136,41,11895.47,yes,34,54400,2024-04-05,42504.53
61,Customer_61,customer61@mail.com,storing,Millet,2023-12-16,2024-03-02,153,3825,77,27,10602.9,partial,42,0,2024-03-02,-10602.9
1105,Customer_1105,customer1105@mail.com,storing,Rice,2024-01-01,2024-02-13,61,3050,43,35,3060.17,yes,46,140300,2024-02-13,137239.83
222,Customer_222,customer222@mail.com,storing,Maize,2023-08-12,2023-10-20,18,900,69,25,1035.0,yes,39,0,2023-10-20,-1035.0
314,Customer_314,customer314@mail.com,sold,Wheat,2024-02-18,2024-06-24,96,2400,127,59,23977.6,partial,44,0,2024-06-24,-23977.6
1400,Customer_1400,customer1400@mail.com,storing,Wheat,2024-08-17,2025-01-07,112,5600,143,27,14414.4,no,47,0,2025-01-07,-14414.4
937,Customer_937,customer937@mail.com,stored,Barley,2023-02-13,2023-07-25,137,6850,162,59,43648.2,partial,52,0,2023-07-25,-43648.2
203,Customer_203,customer203@mail.com,sold,Barley,2024-06-14,2024-08-04,65,1625,51,43,4751.5,partial,45,0,2024-08-04,-4751.5
525,Customer_525,customer525@mail.com,stored,Sorghum,2024-06-26,2024-08-24,111,5550,59,34,7422.2,partial,55,305250,2024-08-24,297827.8
1054,Customer_1054,customer1054@mail.com,stored,Barley,2024-01-29,2024-07-09,145,3625,162,57,44631.0,partial,33,0,2024-07-09,-44631.0
392,Customer_392,customer392@mail.com,sold,Millet,2023-04-10,2023-05-28,74,1850,48,50,5920.0,yes,27,49950,2023-05-28,44030.0
246,Customer_246,customer246@mail.com,stored,Sorghum,2023-07-17,2023-07-29,50,1250,12,56,1120.0,partial,51,0,2023-07-29,-1120.0
595,Customer_595,customer595@mail.com,sold,Wheat,2023-05-30,2023-10-25,161,4025,148,29,23033.73,no,26,0,2023-10-25,-23033.73
1331,Customer_1331,customer1331@mail.com,stored,Barley,2024-07-29,2024-10-11,77,1925,74,20,3798.67,partial,29,55825,2024-10-11,52026.33
344,Customer_344,customer344@mail.com,sold,Sorghum,2023-11-01,2024-01-23,184,4600,83,32,16290.13,no,26,119600,2024-01-23,103309.87
1827,Customer_1827,customer1827@mail.com,sold,Millet,2023-12-14,2024-01-27,42,1050,44,51,3141.6,yes,53,55650,2024-01-27,52508.4
1345,Customer_1345,customer1345@mail.com,storing,Millet,2023-12-20,2024-02-14,188,4700,56,60,21056.0,yes,49,230300,2024-02-14,209244.0
402,Customer_402,customer402@mail.com,stored,Wheat,2023-08-22,2024-01-29,154,7700,160,44,36138.67,yes,42,0,2024-01-29,-36138.67
819,Customer_819,customer819@mail.com,stored,Barley,2023-02-15,2023-06-11,123,3075,116,39,18548.4,partial,25,0,2023-06-11,-18548.4
600,Customer_600,customer600@mail.com,storing,Millet,2023-11-18,2023-12-17,135,6750,29,37,4828.5,yes,43,0,2023-12-17,-4828.5
1567,Customer_1567,customer1567@mail.com,sold,Barley,2023-05-03,2023-09-02,131,3275,122,40,21309.33,partial,40,0,2023-09-02,-21309.33
1538,Customer_1538,customer1538@mail.com,storing,Millet,2024-08-15,2024-12-20,87,2175,127,20,7366.0,partial,41,0,2024-12-20,-7366.0
1109,Customer_1109,customer1109@mail.com,storing,Rice,2023-06-04,2023-06-17,42,1050,13,51,928.2,no,33,34650,2023-06-17,33721.8
1822,Customer_1822,customer1822@mail.com,storing,Millet,2023-11-07,2024-02-06,26,650,91,46,3627.87,yes,25,16250,2024-02-06,12622.13
456,Customer_456,customer456@mail.com,stored,Barley,2023-05-14,2023-06-20,189,9450,37,20,4662.0,no,25,236250,2023-06-20,231588.0
1967,Customer_1967,customer1967@mail.com,storing,Rice,2024-01-07,2024-01-18,149,7450,11,55,3004.83,yes,44,0,2024-01-18,-3004.83
795,Customer_795,customer795@mail.com,storing,Millet,2023-12-23,2024-04-05,83,2075,104,24,6905.6,partial,37,0,2024-04-05,-6905.6
342,Customer_342,customer342@mail.com,stored,Millet,2023-10-15,2024-02-21,148,3700,129,55,35002.0,no,28,0,2024-02-21,-35002.0
1958,Customer_1958,customer1958@mail.com,storing,Barley,2024-08-15,2024-11-07,58,2900,84,25,4060.0,partial,26,75400,2024-11-07,71340.0
1524,Customer_1524,customer1524@mail.com,sold,Maize,2023-03-20,2023-05-28,169,4225,69,51,19823.7,no,30,0,2023-05-28,-19823.7
1884,Customer_1884,customer1884@mail.com,sold,Rice,2023-04-26,2023-05-13,106,2650,17,51,3063.4,partial,33,0,2023-05-13,-3063.4
1123,Customer_1123,customer1123@mail.com,storing,Maize,2024-07-02,2024-09-17,197,4925,77,54,27304.2,partial,31,152675,2024-09-17,125370.8
1000,Customer_1000,customer1000@mail.com,stored,Barley,2023-05-14,2023-07-08,147,7350,55,31,8354.5,yes,31,0,2023-07-08,-8354.5
615,Customer_615,customer615@mail.com,storing,Sorghum,2024-08-07,2024-10-12,96,4800,66,21,4435.2,no,51,0,2024-10-12,-4435.2
1838,Customer_1838,customer1838@mail.com,storing,Sorghum,2023-01-21,2023-05-14,197,4925,113,37,27455.23,partial,28,0,2023-05-14,-27455.23
672,Customer_672,customer672@mail.com,sold,Barley,2023-09-22,2023-11-24,35,1750,63,44,3234.0,no,35,61250,2023-11-24,58016.0
1760,Customer_1760,customer1760@mail.com,storing,Millet,2023-07-31,2023-08-13,118,2950,13,54,2761.2,partial,52,0,2023-08-13,-2761.2
97,Customer_97,customer97@mail.com,sold,Rice,2024-01-16,2024-07-04,182,4550,170,31,31971.33,partial,29,0,2024-07-04,-31971.33
526,Customer_526,customer526@mail.com,stored,Maize,2023-08-01,2023-11-17,105,5250,108,39,14742.0,yes,30,0,2023-11-17,-14742.0
755,Customer_755,customer755@mail.com,stored,Rice,2024-01-13,2024-03-03,78,1950,50,58,7540.0,partial,31,0,2024-03-03,-7540.0
1043,Customer_1043,customer1043@mail.com,sold,Maize,2023-07-20,2023-11-15,34,1700,118,50,6686.67,yes,49,0,2023-11-15,-6686.67
1282,Customer_1282,customer1282@mail.com,stored,Rice,2023-05-02,2023-06-15,56,2800,44,43,3531.73,yes,54,0,2023-06-15,-3531.73
670,Customer_670,customer670@mail.com,stored,Sorghum,2023-11-08,2024-02-22,120,3000,106,55,23320.0,yes,30,90000,2024-02-22,66680.0
1129,Customer_1129,customer1129@mail.com,sold,Barley,2023-01-11,2023-06-10,68,3400,150,21,7140.0,partial,35,0,2023-06-10,-7140.0
100,Customer_100,customer100@mail.com,storing,Barley,2023-03-18,2023-06-02,65,1625,76,47,7739.33,partial,30,48750,2023-06-02,41010.67
1956,Customer_1956,customer1956@mail.com,stored,Barley,2023-09-02,2023-11-06,174,8700,65,60,22620.0,no,36,313200,2023-11-06,290580.0
1562,Customer_1562,customer1562@mail.com,sold,Rice,2024-07-22,2024-12-26,135,3375,157,43,30379.5,yes,50,168750,2024-12-26,138370.5
1799,Customer_1799,customer1799@mail.com,stored,Barley,2023-06-15,2023-07-20,21,1050,35,39,955.5,yes,35,36750,2023-07-20,35794.5
67,Customer_67,customer67@mail.com,stored,Millet,2023-05-08,2023-09-17,122,3050,132,20,10736.0,no,54,0,2023-09-17,-10736.0
1772,Customer_1772,customer1772@mail.com,sold,Maize,2024-02-18,2024-08-15,37,1850,179,21,4636.1,partial,52,0,2024-08-15,-4636.1
627,Customer_627,customer627@mail.com,stored,Maize,2024-08-08,2024-08-19,140,3500,11,57,2926.0,partial,40,0,2024-08-19,-2926.0
117,Customer_117,customer117@mail.com,storing,Millet,2023-12-05,2024-04-07,153,3825,124,29,18339.6,yes,27,0,2024-04-07,-18339.6
1726,Customer_1726,customer1726@mail.com,stored,Millet,2024-05-07,2024-09-20,71,1775,136,29,9334.13,partial,55,97625,2024-09-20,88290.87
951,Customer_951,customer951@mail.com,storing,Maize,2023-05-04,2023-07-12,64,1600,69,21,3091.2,yes,55,88000,2023-07-12,84908.8
966,Customer_966,customer966@mail.com,sold,Barley,2023-02-25,2023-07-25,106,5300,150,48,25440.0,yes,40,212000,2023-07-25,186560.0
63,Customer_63,customer63@mail.com,storing,Sorghum,2024-06-27,2024-08-06,42,2100,40,42,2352.0,no,33,0,2024-08-06,-2352.0
503,Customer_503,customer503@mail.com,stored,Millet,2023-12-10,2024-02-17,73,1825,69,37,6212.3,no,33,0,2024-02-17,-6212.3
552,Customer_552,customer552@mail.com,storing,Sorghum,2023-10-25,2024-04-15,111,5550,173,48,30724.8,partial,25,0,2024-04-15,-30724.8
846,Customer_846,customer846@mail.com,stored,Barley,2024-07-18,2024-08-16,73,1825,29,23,1623.03,no,26,0,2024-08-16,-1623.03
1501,Customer_1501,customer1501@mail.com,stored,Barley,2024-05-21,2024-06-10,75,1875,20,60,3000.0,no,50,93750,2024-06-10,90750.0
765,Customer_765,customer765@mail.com,sold,Maize,2023-06-15,2023-10-20,84,4200,127,54,19202.4,partial,34,142800,2023-10-20,123597.6
1077,Customer_1077,customer1077@mail.com,stored,Rice,2023-08-06,2023-11-02,59,1475,88,38,6576.53,partial,30,0,2023-11-02,-6576.53
1816,Customer_1816,customer1816@mail.com,stored,Sorghum,2024-01-24,2024-05-15,199,9950,112,58,43090.13,no,25,0,2024-05-15,-43090.13
827,Customer_827,customer827@mail.com,storing,Wheat,2023-10-15,2023-11-17,139,3475,33,31,4739.9,no,42,0,2023-11-17,-4739.9
1124,Customer_1124,customer1124@mail.com,storing,Wheat,2023-05-11,2023-10-08,186,4650,150,54,50220.0,partial,39,0,2023-10-08,-50220.0
1141,Customer_1141,customer1141@mail.com,sold,Wheat,2024-03-11,2024-04-25,19,475,45,60,1710.0,partial,33,0,2024-04-25,-1710.0
96,Customer_96,customer96@mail.com,storing,Rice,2024-04-25,2024-07-26,45,2250,92,56,7728.0,yes,32,72000,2024-07-26,64272.0
1112,Customer_1112,customer1112@mail.com,stored,Barley,2023-02-25,2023-03-10,27,1350,13,21,245.7,partial,45,60750,2023-03-10,60504.3
962,Customer_962,customer962@mail.com,storing,Millet,2023-01-01,2023-02-13,106,5300,43,51,7748.6,no,29,0,2023-02-13,-7748.6
354,Customer_354,customer354@mail.com,sold,Millet,2024-04-26,2024-06-26,73,3650,61,34,5046.73,yes,41,149650,2024-06-26,144603.27
1401,Customer_1401,customer1401@mail.com,sold,Barley,2023-04-24,2023-08-03,58,1450,101,45,8787.0,partial,47,0,2023-08-03,-8787.0
362,Customer_362,customer362@mail.com,storing,Maize,2023-11-18,2024-04-01,33,825,135,60,8910.0,partial,50,41250,2024-04-01,32340.0
503,Customer_503,customer503@mail.com,sold,Millet,2024-03-29,2024-06-10,168,8400,73,32,13081.6,yes,51,428400,2024-06-10,415318.4
1269,Customer_1269,customer1269@mail.com,sold,Rice,2024-01-14,2024-06-02,130,6500,140,28,16986.67,yes,54,0,2024-06-02,-16986.67
1793,Customer_1793,customer1793@mail.com,sold,Wheat,2023-11-13,2024-04-03,104,2600,142,60,29536.0,no,25,0,2024-04-03,-29536.0
845,Customer_845,customer845@mail.com,stored,Millet,2023-02-27,2023-06-27,32,1600,120,42,5376.0,no,30,0,2023-06-27,-5376.0
1932,Customer_1932,customer1932@mail.com,stored,Maize,2024-05-18,2024-07-28,12,600,71,25,710.0,partial,37,22200,2024-07-28,21490.0
168,Customer_168,customer168@mail.com,storing,Maize,2023-09-10,2024-01-17,66,3300,129,58,16460.4,no,53,174900,2024-01-17,158439.6
265,Customer_265,customer265@mail.com,sold,Barley,2024-03-17,2024-04-11,88,4400,25,37,2713.33,partial,35,154000,2024-04-11,151286.67
9,Customer_9,customer9@mail.com,stored,Rice,2024-03-29,2024-06-06,112,5600,69,57,14683.2,no,44,0,2024-06-06,-14683.2
1702,Customer_1702,customer1702@mail.com,sold,Rice,2024-03-23,2024-07-15,135,3375,114,22,11286.0,partial,38,0,2024-07-15,-11286.0
872,Customer_872,customer872@mail.com,stored,Sorghum,2023-06-18,2023-09-16,58,1450,90,48,8352.0,partial,46,0,2023-09-16,-8352.0
1910,Customer_1910,customer1910@mail.com,stored,Barley,2023-04-09,2023-09-05,133,3325,149,58,38312.87,partial,52,172900,2023-09-05,134587.13
821,Customer_821,customer821@mail.com,sold,Sorghum,2023-08-23,2023-09-26,62,3100,34,24,1686.4,yes,46,142600,2023-09-26,140913.6
227,Customer_227,customer227@mail.com,stored,Wheat,2024-07-31,2024-11-28,80,4000,120,31,9920.0,no,26,0,2024-11-28,-9920.0
721,Customer_721,customer721@mail.com,storing,Millet,2023-06-19,2023-10-08,122,6100,111,48,21667.2,partial,33,201300,2023-10-08,179632.8
1480,Customer_1480,customer1480@mail.com,storing,Rice,2023-04-04,2023-09-14,147,3675,163,41,32746.7,yes,39,143325,2023-09-14,110578.3
1604,Customer_1604,customer1604@mail.com,stored,Barley,2024-05-22,2024-08-21,42,2100,91,35,4459.0,no,48,100800,2024-08-21,96341.0
1947,Customer_1947,customer1947@mail.com,sold,Rice,2024-06-17,2024-11-25,147,3675,161,40,31556.0,partial,46,0,2024-11-25,-31556.0
1116,Customer_1116,customer1116@mail.com,stored,Sorghum,2023-11-16,2024-01-29,102,2550,74,45,11322.0,partial,36,0,2024-01-29,-11322.0
796,Customer_796,customer796@mail.com,storing,Sorghum,2023-06-27,2023-12-16,175,8750,172,58,58193.33,partial,52,0,2023-12-16,-58193.33
36,Customer_36,customer36@mail.com,storing,Maize,2024-06-08,2024-11-22,12,600,167,58,3874.4,no,34,0,2024-11-22,-3874.4
1485,Customer_1485,customer1485@mail.com,stored,Millet,2024-06-11,2024-08-03,148,3700,53,21,5490.8,no,52,192400,2024-08-03,186909.2
397,Customer_397,customer397@mail.com,sold,Barley,2023-12-19,2024-05-25,134,3350,158,41,28935.07,no,36,120600,2024-05-25,91664.93
157,Customer_157,customer157@mail.com,stored,Millet,2023-02-03,2023-02-23,47,2350,20,52,1629.33,partial,40,0,2023-02-23,-1629.33
1870,Customer_1870,customer1870@mail.com,sold,Maize,2023-02-17,2023-05-12,99,4950,84,48,13305.6,no,47,0,2023-05-12,-13305.6
456,Customer_456,customer456@mail.com,stored,Barley,2024-01-28,2024-04-24,192,9600,87,53,29510.4,partial,39,0,2024-04-24,-29510.4
397,Customer_397,customer397@mail.com,stored,Barley,2023-01-20,2023-05-04,73,3650,104,59,14930.93,partial,50,182500,2023-05-04,167569.07
316,Customer_316,customer316@mail.com,stored,Barley,2023-09-02,2024-01-22,161,4025,142,34,25910.27,yes,46,185150,2024-01-22,159239.73
1429,Customer_1429,customer1429@mail.com,sold,Wheat,2024-07-16,2024-07-26,46,1150,10,35,536.67,no,52,0,2024-07-26,-536.67
171,Customer_171,customer171@mail.com,storing,Millet,2023-06-18,2023-09-07,79,1975,81,31,6612.3,no,54,0,2023-09-07,-6612.3
330,Customer_330,customer330@mail.com,storing,Barley,2024-04-16,2024-06-30,176,8800,75,59,25960.0,yes,28,0,2024-06-30,-25960.0
1813,Customer_1813,customer1813@mail.com,sold,Sorghum,2023-01-21,2023-05-04,162,4050,103,50,27810.0,partial,41,0,2023-05-04,-27810.0
1484,Customer_1484,customer1484@mail.com,storing,Wheat,2023-01-23,2023-02-06,70,3500,14,52,1698.67,partial,34,119000,2023-02-06,117301.33
1174,Customer_1174,customer1174@mail.com,sold,Millet,2023-04-19,2023-07-14,83,2075,86,39,9279.4,no,42,87150,2023-07-14,77870.6
42,Customer_42,customer42@mail.com,sold,Rice,2023-05-06,2023-05-20,102,2550,14,58,2760.8,yes,42,107100,2023-05-20,104339.2
711,Customer_711,customer711@mail.com,storing,Wheat,2024-03-26,2024-08-31,113,5650,158,50,29756.67,yes,37,0,2024-08-31,-29756.67
1952,Customer_1952,customer1952@mail.com,sold,Sorghum,2023-11-09,2024-01-05,188,9400,57,20,7144.0,partial,33,310200,2024-01-05,303056.0
1683,Customer_1683,customer1683@mail.com,sold,Sorghum,2023-06-06,2023-10-09,49,1225,125,48,9800.0,yes,49,0,2023-10-09,-9800.0
1143,Customer_1143,customer1143@mail.com,sold,Barley,2023-03-28,2023-08-15,97,4850,140,27,12222.0,no,45,0,2023-08-15,-12222.0
1003,Customer_1003,customer1003@mail.com,storing,Wheat,2024-02-16,2024-05-17,171,4275,91,44,22822.8,yes,44,188100,2024-05-17,165277.2
261,Customer_261,customer261@mail.com,stored,Maize,2024-06-27,2024-10-17,114,2850,112,35,14896.0,no,31,88350,2024-10-17,73454.0
193,Customer_193,customer193@mail.com,stored,Millet,2023-06-05,2023-11-27,114,2850,175,30,19950.0,no,26,74100,2023-11-27,54150.0
584,Customer_584,customer584@mail.com,sold,Barley,2024-07-29,2024-09-12,17,850,45,36,918.0,yes,35,0,2024-09-12,-918.0
1618,Customer_1618,customer1618@mail.com,storing,Millet,2023-03-10,2023-08-05,42,2100,148,31,6423.2,yes,45,0,2023-08-05,-6423.2
1482,Customer_1482,customer1482@mail.com,stored,Millet,2023-11-30,2024-03-11,159,3975,102,46,24867.6,yes,53,0,2024-03-11,-24867.6
1769,Customer_1769,customer1769@mail.com,stored,Sorghum,2023-03-25,2023-05-20,163,4075,56,53,16126.13,no,44,0,2023-05-20,-16126.13
1314,Customer_1314,customer1314@mail.com,storing,Sorghum,2023-10-17,2023-12-10,47,2350,54,40,3384.0,partial,53,124550,2023-12-10,121166.0
632,Customer_632,customer632@mail.com,sold,Maize,2024-05-23,2024-06-19,58,1450,27,24,1252.8,partial,47,0,2024-06-19,-1252.8
1927,Customer_1927,customer1927@mail.com,stored,Sorghum,2023-05-24,2023-07-29,29,725,66,24,1531.2,no,37,0,2023-07-29,-1531.2
165,Customer_165,customer165@mail.com,stored,Barley,2023-12-11,2024-05-19,184,9200,160,22,21589.33,no,34,0,2024-05-19,-21589.33
1780,Customer_1780,customer1780@mail.com,sold,Maize,2024-03-03,2024-03-16,184,4600,13,23,1833.87,yes,36,0,2024-03-16,-1833.87
1591,Customer_1591,customer1591@mail.com,storing,Maize,2023-06-26,2023-08-04,87,4350,39,39,4410.9,yes,46,0,2023-08-04,-4410.9
473,Customer_473,customer473@mail.com,stored,Wheat,2023-05-25,2023-06-26,164,4100,32,36,6297.6,partial,42,0,2023-06-26,-6297.6
1881,Customer_1881,customer1881@mail.com,stored,Millet,2023-02-22,2023-03-31,116,2900,37,37,5293.47,yes,30,87000,2023-03-31,81706.53
549,Customer_549,customer549@mail.com,storing,Rice,2023-05-19,2023-06-06,35,875,18,45,945.0,no,41,35875,2023-06-06,34930.0
54,Customer_54,customer54@mail.com,storing,Maize,2023-08-23,2024-01-07,200,5000,137,33,30140.0,partial,29,0,2024-01-07,-30140.0
1714,Customer_1714,customer1714@mail.com,stored,Sorghum,2023-06-09,2023-10-16,51,1275,129,60,13158.0,yes,40,51000,2023-10-16,37842.0
1923,Customer_1923,customer1923@mail.com,storing,Millet,2024-03-02,2024-04-22,39,975,51,34,2254.2,partial,28,27300,2024-04-22,25045.8
1601,Customer_1601,customer1601@mail.com,stored,Barley,2023-02-23,2023-08-22,140,7000,180,54,45360.0,partial,53,0,2023-08-22,-45360.0
43,Customer_43,customer43@mail.com,storing,Millet,2023-08-24,2023-10-20,115,5750,57,24,5244.0,partial,29,166750,2023-10-20,161506.0
97,Customer_97,customer97@mail.com,stored,Rice,2024-02-08,2024-03-05,64,1600,26,28,1553.07,yes,49,78400,2024-03-05,76846.93
426,Customer_426,customer426@mail.com,storing,Millet,2024-03-24,2024-07-28,56,2800,126,20,4704.0,yes,30,84000,2024-07-28,79296.0
437,Customer_437,customer437@mail.com,storing,Barley,2023-11-06,2024-01-16,149,3725,71,41,14457.97,yes,32,0,2024-01-16,-14457.97
316,Customer_316,customer316@mail.com,stored,Maize,2024-04-07,2024-06-02,75,1875,56,50,7000.0,partial,48,0,2024-06-02,-7000.0
1735,Customer_1735,customer1735@mail.com,storing,Sorghum,2023-10-04,2024-01-21,194,9700,109,21,14802.2,yes,29,281300,2024-01-21,266497.8
256,Customer_256,customer256@mail.com,stored,Millet,2023-02-01,2023-06-06,18,450,125,59,4425.0,yes,53,23850,2023-06-06,19425.0
1630,Customer_1630,customer1630@mail.com,sold,Wheat,2024-05-15,2024-09-19,178,4450,127,39,29387.8,yes,55,0,2024-09-19,-29387.8
1061,Customer_1061,customer1061@mail.com,stored,Wheat,2024-04-27,2024-10-20,121,6050,176,29,20586.13,no,27,163350,2024-10-20,142763.87
527,Customer_527,customer527@mail.com,stored,Maize,2023-07-05,2023-10-07,57,2850,94,52,9287.2,no,27,0,2023-10-07,-9287.2
572,Customer_572,customer572@mail.com,storing,Maize,2024-07-18,2024-08-13,150,7500,26,48,6240.0,no,55,0,2024-08-13,-6240.0
118,Customer_118,customer118@mail.com,stored,Millet,2024-04-07,2024-08-17,186,9300,132,42,34372.8,no,42,0,2024-08-17,-34372.8
1603,Customer_1603,customer1603@mail.com,sold,Wheat,2023-11-28,2024-04-03,63,3150,127,40,10668.0,no,34,0,2024-04-03,-10668.0
127,Customer_127,customer127@mail.com,stored,Maize,2023-04-29,2023-06-08,132,3300,40,52,9152.0,no,39,128700,2023-06-08,119548.0
1867,Customer_1867,customer1867@mail.com,stored,Barley,2023-04-21,2023-09-08,53,1325,140,38,9398.67,partial,45,0,2023-09-08,-9398.67
1599,Customer_1599,customer1599@mail.com,stored,Barley,2023-10-29,2023-12-29,88,2200,61,52,9304.53,yes,51,0,2023-12-29,-9304.53
722,Customer_722,customer722@mail.com,sold,Wheat,2024-02-22,2024-06-05,199,4975,104,40,27594.67,yes,48,0,2024-06-05,-27594.67
1164,Customer_1164,customer1164@mail.com,storing,Millet,2024-01-03,2024-04-13,62,3100,101,42,8766.8,yes,29,89900,2024-04-13,81133.2
1455,Customer_1455,customer1455@mail.com,sold,Wheat,2024-02-15,2024-04-04,97,2425,49,24,3802.4,no,28,67900,2024-04-04,64097.6
1594,Customer_1594,customer1594@mail.com,storing,Maize,2024-07-16,2024-12-10,122,3050,147,23,13749.4,yes,31,0,2024-12-10,-13749.4
324,Customer_324,customer324@mail.com,storing,Millet,2023-08-20,2023-12-21,163,8150,123,49,32746.7,partial,40,0,2023-12-21,-32746.7
732,Customer_732,customer732@mail.com,stored,Sorghum,2024-04-18,2024-08-14,19,475,118,25,1868.33,yes,38,0,2024-08-14,-1868.33
1023,Customer_1023,customer1023@mail.com,storing,Millet,2023-05-29,2023-10-14,172,8600,138,44,34812.8,no,55,473000,2023-10-14,438187.2
813,Customer_813,customer813@mail.com,sold,Wheat,2023-09-06,2024-01-25,169,8450,141,33,26211.9,partial,29,0,2024-01-25,-26211.9
590,Customer_590,customer590@mail.com,storing,Rice,2023-05-18,2023-07-30,198,9900,73,32,15417.6,no,42,415800,2023-07-30,400382.4
1302,Customer_1302,customer1302@mail.com,storing,Rice,2023-01-18,2023-06-12,61,3050,145,34,10024.33,yes,47,0,2023-06-12,-10024.33
518,Customer_518,customer518@mail.com,stored,Rice,2023-05-14,2023-10-30,73,3650,169,48,19739.2,no,34,0,2023-10-30,-19739.2
868,Customer_868,customer868@mail.com,sold,Barley,2023-07-09,2023-10-05,46,2300,88,32,4317.87,yes,38,87400,2023-10-05,83082.13
1538,Customer_1538,customer1538@mail.com,storing,Wheat,2024-06-20,2024-06-30,138,3450,10,36,1656.0,partial,35,120750,2024-06-30,119094.0
640,Customer_640,customer640@mail.com,storing,Maize,2023-11-07,2024-01-04,111,2775,58,58,12446.8,partial,53,0,2024-01-04,-12446.8
470,Customer_470,customer470@mail.com,sold,Rice,2023-02-19,2023-08-16,191,9550,178,58,65729.47,yes,26,248300,2023-08-16,182570.53
1854,Customer_1854,customer1854@mail.com,storing,Millet,2024-07-10,2024-10-13,132,3300,95,57,23826.0,yes,52,171600,2024-10-13,147774.0
960,Customer_960,customer960@mail.com,stored,Maize,2023-12-28,2024-05-01,179,8950,125,23,17154.17,partial,35,0,2024-05-01,-17154.17
736,Customer_736,customer736@mail.com,storing,Millet,2023-05-29,2023-08-15,104,2600,78,46,12438.4,no,49,0,2023-08-15,-12438.4
1601,Customer_1601,customer1601@mail.com,storing,Millet,2024-03-27,2024-08-15,151,3775,141,58,41162.6,no,44,0,2024-08-15,-41162.6
1076,Customer_1076,customer1076@mail.com,storing,Wheat,2024-03-15,2024-05-09,39,1950,55,46,3289.0,yes,29,0,2024-05-09,-3289.0
205,Customer_205,customer205@mail.com,storing,Maize,2024-05-28,2024-08-05,182,4550,69,28,11720.8,yes,30,136500,2024-08-05,124779.2
1971,Customer_1971,customer1971@mail.com,stored,Rice,2023-10-10,2023-12-20,155,3875,71,59,21643.17,no,44,0,2023-12-20,-21643.17
7,Customer_7,customer7@mail.com,storing,Sorghum,2024-06-23,2024-12-14,193,4825,174,24,26865.6,no,28,0,2024-12-14,-26865.6
238,Customer_238,customer238@mail.com,storing,Rice,2024-07-13,2024-08-29,144,7200,47,51,11505.6,partial,54,388800,2024-08-29,377294.4
1340,Customer_1340,customer1340@mail.com,storing,Wheat,2024-03-29,2024-06-25,131,3275,88,41,15754.93,yes,46,150650,2024-06-25,134895.07
666,Customer_666,customer666@mail.com,stored,Sorghum,2023-05-04,2023-07-27,47,2350,84,54,7106.4,partial,46,0,2023-07-27,-7106.4
1163,Customer_1163,customer1163@mail.com,storing,Maize,2023-12-19,2024-02-19,175,4375,62,36,13020.0,no,27,118125,2024-02-19,105105.0
1592,Customer_1592,customer1592@mail.com,storing,Sorghum,2023-06-08,2023-08-03,198,9900,56,60,22176.0,yes,38,0,2023-08-03,-22176.0
1338,Customer_1338,customer1338@mail.com,storing,Wheat,2024-03-18,2024-07-08,153,7650,112,56,31987.2,no,48,367200,2024-07-08,335212.8
1158,Customer_1158,customer1158@mail.com,sold,Wheat,2024-06-30,2024-07-29,115,5750,29,30,3335.0,partial,38,0,2024-07-29,-3335.0
1178,Customer_1178,customer1178@mail.com,storing,Maize,2023-12-07,2024-05-28,49,1225,173,57,16106.3,yes,46,56350,2024-05-28,40243.7
157,Customer_157,customer157@mail.com,stored,Millet,2024-06-23,2024-10-23,40,1000,122,34,5530.67,yes,55,0,2024-10-23,-5530.67
1689,Customer_1689,customer1689@mail.com,stored,Maize,2023-04-06,2023-05-10,30,1500,34,39,1326.0,no,29,43500,2023-05-10,42174.0
1259,Customer_1259,customer1259@mail.com,stored,Millet,2023-05-13,2023-09-10,101,5050,120,56,22624.0,partial,54,0,2023-09-10,-22624.0
1895,Customer_1895,customer1895@mail.com,sold,Maize,2023-01-12,2023-03-04,177,4425,51,28,8425.2,partial,55,0,2023-03-04,-8425.2
1794,Customer_1794,customer1794@mail.com,stored,Sorghum,2023-12-02,2024-04-20,141,7050,140,37,24346.0,partial,30,211500,2024-04-20,187154.0
1631,Customer_1631,customer1631@mail.com,storing,Wheat,2024-07-11,2024-09-11,134,3350,62,51,14123.6,partial,38,127300,2024-09-11,113176.4
1405,Customer_1405,customer1405@mail.com,stored,Maize,2023-10-22,2024-02-04,94,2350,105,39,12831.0,yes,51,0,2024-02-04,-12831.0
1504,Customer_1504,customer1504@mail.com,sold,Rice,2024-02-18,2024-03-05,128,3200,16,20,1365.33,yes,53,0,2024-03-05,-1365.33
1795,Customer_1795,customer1795@mail.com,stored,Maize,2023-01-25,2023-04-05,173,4325,70,20,8073.33,partial,42,181650,2023-04-05,173576.67
487,Customer_487,customer487@mail.com,stored,Maize,2024-01-23,2024-03-23,91,4550,60,51,9282.0,no,45,204750,2024-03-23,195468.0
712,Customer_712,customer712@mail.com,storing,Sorghum,2023-02-07,2023-03-14,86,4300,35,44,4414.67,partial,55,236500,2023-03-14,232085.33
1587,Customer_1587,customer1587@mail.com,stored,Barley,2023-09-11,2024-03-08,147,7350,179,32,28067.2,no,33,242550,2024-03-08,214482.8
683,Customer_683,customer683@mail.com,stored,Sorghum,2023-07-20,2023-10-06,103,5150,78,45,12051.0,yes,35,0,2023-10-06,-12051.0
1784,Customer_1784,customer1784@mail.com,storing,Millet,2024-07-21,2024-08-07,119,5950,17,43,2899.63,yes,55,0,2024-08-07,-2899.63
44,Customer_44,customer44@mail.com,sold,Wheat,2024-05-18,2024-08-16,147,3675,90,20,8820.0,no,55,202125,2024-08-16,193305.0
412,Customer_412,customer412@mail.com,storing,Maize,2023-06-12,2023-10-04,118,5900,114,51,22868.4,partial,35,206500,2023-10-04,183631.6
1457,Customer_1457,customer1457@mail.com,stored,Barley,2023-03-22,2023-04-13,12,300,22,57,501.6,no,54,0,2023-04-13,-501.6
389,Customer_389,customer389@mail.com,storing,Barley,2024-05-21,2024-06-08,40,1000,18,36,864.0,no,27,27000,2024-06-08,26136.0
634,Customer_634,customer634@mail.com,sold,Rice,2024-05-09,2024-09-20,161,4025,134,32,23012.27,no,30,120750,2024-09-20,97737.73
1794,Customer_1794,customer1794@mail.com,sold,Barley,2023-03-19,2023-04-13,191,4775,25,31,4934.17,yes,51,243525,2023-04-13,238590.83
1345,Customer_1345,customer1345@mail.com,sold,Sorghum,2023-06-12,2023-06-22,139,3475,10,32,1482.67,no,33,114675,2023-06-22,113192.33
618,Customer_618,customer618@mail.com,sold,Rice,2023-06-14,2023-10-01,150,3750,109,46,25070.0,yes,55,206250,2023-10-01,181180.0
120,Customer_120,customer120@mail.com,storing,Barley,2024-07-11,2024-11-15,66,3300,127,21,5867.4,partial,27,0,2024-11-15,-5867.4
1703,Customer_1703,customer1703@mail.com,sold,Barley,2024-07-16,2024-11-17,69,3450,124,56,15971.2,no,47,0,2024-11-17,-15971.2
1897,Customer_1897,customer1897@mail.com,sold,Rice,2024-07-15,2024-09-18,116,5800,65,33,8294.0,no,41,0,2024-09-18,-8294.0
976,Customer_976,customer976@mail.com,storing,Rice,2023-01-18,2023-06-28,126,6300,161,46,31105.2,partial,54,0,2023-06-28,-31105.2
119,Customer_119,customer119@mail.com,storing,Maize,2023-10-18,2024-03-26,195,9750,160,28,29120.0,partial,40,0,2024-03-26,-29120.0
1768,Customer_1768,customer1768@mail.com,stored,Millet,2024-06-04,2024-10-11,177,8850,129,60,45666.0,yes,34,0,2024-10-11,-45666.0
1977,Customer_1977,customer1977@mail.com,stored,Rice,2024-07-05,2024-12-01,158,7900,149,50,39236.67,yes,40,0,2024-12-01,-39236.67
550,Customer_550,customer550@mail.com,sold,Wheat,2024-08-04,2024-08-23,90,2250,19,31,1767.0,no,31,0,2024-08-23,-1767.0
1053,Customer_1053,customer1053@mail.com,sold,Sorghum,2023-10-27,2024-02-18,198,4950,114,24,18057.6,partial,44,217800,2024-02-18,199742.4
546,Customer_546,customer546@mail.com,stored,Sorghum,2023-11-19,2024-02-15,79,3950,88,23,5329.87,no,50,0,2024-02-15,-5329.87
766,Customer_766,customer766@mail.com,sold,Millet,2023-06-21,2023-09-26,68,1700,97,46,10113.87,yes,38,64600,2023-09-26,54486.13
667,Customer_667,customer667@mail.com,storing,Rice,2023-03-01,2023-06-13,18,900,104,43,2683.2,no,46,0,2023-06-13,-2683.2
591,Customer_591,customer591@mail.com,storing,Wheat,2024-06-29,2024-07-17,39,975,18,25,585.0,no,51,0,2024-07-17,-585.0
1095,Customer_1095,customer1095@mail.com,sold,Maize,2023-10-20,2024-02-16,130,6500,119,20,10313.33,partial,54,0,2024-02-16,-10313.33
232,Customer_232,customer232@mail.com,sold,Barley,2024-07-10,2024-07-20,113,2825,10,46,1732.67,yes,38,0,2024-07-20,-1732.67
1105,Customer_1105,customer1105@mail.com,stored,Rice,2024-03-14,2024-08-29,72,3600,168,30,12096.0,no,30,0,2024-08-29,-12096.0
1784,Customer_1784,customer1784@mail.com,storing,Maize,2023-11-15,2024-02-12,27,1350,89,59,4725.9,no,54,0,2024-02-12,-4725.9
303,Customer_303,customer303@mail.com,storing,Millet,2024-05-16,2024-06-09,32,800,24,28,716.8,partial,26,20800,2024-06-09,20083.2
265,Customer_265,customer265@mail.com,sold,Millet,2023-03-13,2023-04-04,156,7800,22,50,5720.0,yes,44,0,2023-04-04,-5720.0
1526,Customer_1526,customer1526@mail.com,sold,Millet,2024-05-09,2024-10-30,199,9950,174,51,58864.2,partial,49,487550,2024-10-30,428685.8
1883,Customer_1883,customer1883@mail.com,sold,Barley,2024-04-26,2024-07-15,195,4875,80,59,30680.0,yes,41,0,2024-07-15,-30680.0
821,Customer_821,customer821@mail.com,storing,Rice,2023-06-20,2023-10-10,168,4200,112,40,25088.0,no,47,197400,2023-10-10,172312.0
840,Customer_840,customer840@mail.com,storing,Barley,2023-07-12,2023-10-28,175,4375,108,25,15750.0,partial,27,0,2023-10-28,-15750.0
1744,Customer_1744,customer1744@mail.com,stored,Wheat,2024-07-15,2025-01-07,166,4150,176,51,49667.2,yes,46,190900,2025-01-07,141232.8
461,Customer_461,customer461@mail.com,storing,Barley,2023-04-19,2023-09-03,120,6000,137,37,20276.0,yes,38,0,2023-09-03,-20276.0
1584,Customer_1584,customer1584@mail.com,storing,Wheat,2023-02-09,2023-04-13,40,1000,63,24,2016.0,partial,52,52000,2023-04-13,49984.0
57,Customer_57,customer57@mail.com,storing,Sorghum,2024-06-22,2024-12-03,43,2150,164,44,10342.93,yes,45,0,2024-12-03,-10342.93
820,Customer_820,customer820@mail.com,storing,Wheat,2024-03-11,2024-05-21,141,7050,71,26,8676.2,no,32,0,2024-05-21,-8676.2
1283,Customer_1283,customer1283@mail.com,sold,Sorghum,2023-06-20,2023-09-04,20,1000,76,26,1317.33,yes,54,54000,2023-09-04,52682.67
1223,Customer_1223,customer1223@mail.com,stored,Rice,2024-06-07,2024-07-08,138,6900,31,60,8556.0,partial,38,262200,2024-07-08,253644.0
1545,Customer_1545,customer1545@mail.com,sold,Barley,2024-05-31,2024-10-30,86,4300,152,57,24836.8,no,28,120400,2024-10-30,95563.2
1893,Customer_1893,customer1893@mail.com,storing,Millet,2023-11-05,2024-03-27,170,4250,143,22,17827.33,no,31,131750,2024-03-27,113922.67
17,Customer_17,customer17@mail.com,sold,Rice,2023-02-21,2023-04-22,31,775,60,40,2480.0,partial,50,0,2023-04-22,-2480.0
1299,Customer_1299,customer1299@mail.com,stored,Sorghum,2023-01-03,2023-03-05,97,4850,61,26,5128.07,no,26,126100,2023-03-05,120971.93
1008,Customer_1008,customer1008@mail.com,storing,Wheat,2023-10-20,2024-01-29,51,2550,101,30,5151.0,yes,30,76500,2024-01-29,71349.0
1856,Customer_1856,customer1856@mail.com,storing,Rice,2024-08-07,2024-11-26,55,1375,111,53,10785.5,no,44,0,2024-11-26,-10785.5
1590,Customer_1590,customer1590@mail.com,storing,Wheat,2023-07-16,2023-11-20,51,2550,127,47,10147.3,partial,47,0,2023-11-20,-10147.3
1436,Customer_1436,customer1436@mail.com,storing,Sorghum,2023-01-05,2023-04-14,107,5350,99,26,9180.6,yes,34,0,2023-04-14,-9180.6
314,Customer_314,customer314@mail.com,storing,Rice,2023-05-11,2023-05-28,53,1325,17,49,1471.63,no,26,0,2023-05-28,-1471.63
332,Customer_332,customer332@mail.com,stored,Sorghum,2024-05-04,2024-05-20,24,600,16,40,512.0,yes,48,0,2024-05-20,-512.0
417,Customer_417,customer417@mail.com,sold,Rice,2023-06-13,2023-09-11,185,4625,90,39,21645.0,partial,52,0,2023-09-11,-21645.0
901,Customer_901,customer901@mail.com,stored,Sorghum,2024-03-25,2024-05-06,34,1700,42,24,1142.4,no,39,66300,2024-05-06,65157.6
896,Customer_896,customer896@mail.com,stored,Rice,2024-08-22,2024-11-02,70,1750,72,26,4368.0,yes,54,94500,2024-11-02,90132.0
1818,Customer_1818,customer1818@mail.com,sold,Maize,2023-01-23,2023-02-15,28,1400,23,55,1180.67,yes,41,0,2023-02-15,-1180.67
516,Customer_516,customer516@mail.com,storing,Barley,2023-10-06,2024-02-06,144,3600,123,50,29520.0,yes,45,162000,2024-02-06,132480.0
44,Customer_44,customer44@mail.com,storing,Wheat,2023-10-23,2023-12-08,180,9000,46,55,15180.0,no,28,252000,2023-12-08,236820.0
506,Customer_506,customer506@mail.com,storing,Barley,2024-01-22,2024-04-18,18,450,87,54,2818.8,partial,45,20250,2024-04-18,17431.2
541,Customer_541,customer541@mail.com,sold,Barley,2023-11-20,2023-12-26,50,1250,36,51,3060.0,partial,36,45000,2023-12-26,41940.0
386,Customer_386,customer386@mail.com,storing,Rice,2024-08-05,2024-12-18,118,5900,135,35,18585.0,no,50,295000,2024-12-18,276415.0
1194,Customer_1194,customer1194@mail.com,storing,Barley,2023-06-08,2023-08-23,52,1300,76,35,4610.67,yes,27,0,2023-08-23,-4610.67
1648,Customer_1648,customer1648@mail.com,sold,Barley,2024-04-06,2024-07-18,68,3400,103,25,5836.67,no,48,0,2024-07-18,-5836.67
1949,Customer_1949,customer1949@mail.com,storing,Rice,2024-01-28,2024-07-20,32,1600,174,45,8352.0,no,43,0,2024-07-20,-8352.0
600,Customer_600,customer600@mail.com,storing,Millet,2024-07-03,2024-08-18,66,3300,46,34,3440.8,no,32,0,2024-08-18,-3440.8
1322,Customer_1322,customer1322@mail.com,storing,Millet,2024-07-18,2024-08-16,99,2475,29,31,2966.7,partial,41,0,2024-08-16,-2966.7
1207,Customer_1207,customer1207@mail.com,stored,Wheat,2024-05-22,2024-10-18,96,4800,149,25,11920.0,no,28,134400,2024-10-18,122480.0
1622,Customer_1622,customer1622@mail.com,sold,Rice,2024-01-28,2024-05-11,175,8750,104,41,24873.33,partial,34,0,2024-05-11,-24873.33
205,Customer_205,customer205@mail.com,stored,Wheat,2023-03-30,2023-08-11,173,4325,134,31,23954.73,no,28,121100,2023-08-11,97145.27
1076,Customer_1076,customer1076@mail.com,stored,Millet,2023-03-14,2023-08-02,125,3125,141,59,34662.5,no,28,87500,2023-08-02,52837.5
1304,Customer_1304,customer1304@mail.com,sold,Rice,2023-03-29,2023-05-21,102,5100,53,38,6847.6,yes,49,249900,2023-05-21,243052.4
1178,Customer_1178,customer1178@mail.com,sold,Rice,2023-04-14,2023-10-10,74,1850,179,40,17661.33,partial,33,61050,2023-10-10,43388.67
995,Customer_995,customer995@mail.com,storing,Sorghum,2023-02-23,2023-07-24,99,2475,151,40,19932.0,yes,27,66825,2023-07-24,46893.0
670,Customer_670,customer670@mail.com,storing,Maize,2023-11-28,2024-04-24,19,475,148,24,2249.6,yes,26,0,2024-04-24,-2249.6
667,Customer_667,customer667@mail.com,stored,Barley,2023-01-10,2023-03-30,120,6000,79,58,18328.0,yes,45,0,2023-03-30,-18328.0
1459,Customer_1459,customer1459@mail.com,storing,Millet,2023-07-21,2023-12-31,26,1300,163,60,8476.0,no,41,53300,2023-12-31,44824.0
1769,Customer_1769,customer1769@mail.com,stored,Barley,2023-10-03,2024-01-15,93,4650,104,39,12573.6,partial,41,190650,2024-01-15,178076.4
1679,Customer_1679,customer1679@mail.com,storing,Millet,2024-03-01,2024-07-14,14,700,135,23,1449.0,yes,48,0,2024-07-14,-1449.0
1163,Customer_1163,customer1163@mail.com,sold,Wheat,2023-07-18,2023-08-02,127,6350,15,20,1270.0,partial,32,203200,2023-08-02,201930.0
1539,Customer_1539,customer1539@mail.com,sold,Sorghum,2023-05-15,2023-11-11,172,4300,180,49,50568.0,no,32,0,2023-11-11,-50568.0
5,Customer_5,customer5@mail.com,sold,Rice,2023-12-22,2024-01-10,151,7550,19,24,2295.2,partial,51,0,2024-01-10,-2295.2
1263,Customer_1263,customer1263@mail.com,sold,Rice,2023-04-22,2023-05-04,121,6050,12,36,1742.4,no,28,0,2023-05-04,-1742.4
314,Customer_314,customer314@mail.com,storing,Barley,2023-07-30,2023-08-10,158,7900,11,48,2780.8,yes,40,0,2023-08-10,-2780.8
1166,Customer_1166,customer1166@mail.com,storing,Maize,2024-06-28,2024-10-13,96,2400,107,37,12668.8,no,36,86400,2024-10-13,73731.2
294,Customer_294,customer294@mail.com,stored,Wheat,2023-11-11,2023-11-29,153,3825,18,50,4590.0,yes,32,122400,2023-11-29,117810.0
402,Customer_402,customer402@mail.com,stored,Millet,2023-09-15,2023-11-28,194,4850,74,29,13877.47,partial,51,247350,2023-11-28,233472.53
1183,Customer_1183,customer1183@mail.com,sold,Wheat,2023-12-01,2024-04-13,170,8500,134,48,36448.0,no,40,0,2024-04-13,-36448.0
1222,Customer_1222,customer1222@mail.com,stored,Barley,2023-06-19,2023-08-15,101,2525,57,22,4221.8,partial,54,0,2023-08-15,-4221.8
247,Customer_247,customer247@mail.com,stored,Millet,2023-11-28,2024-01-07,31,775,40,42,1736.0,no,39,30225,2024-01-07,28489.0
1221,Customer_1221,customer1221@mail.com,storing,Sorghum,2023-01-24,2023-04-06,174,4350,72,56,23385.6,partial,51,0,2023-04-06,-23385.6
219,Customer_219,customer219@mail.com,storing,Wheat,2023-02-24,2023-04-04,157,7850,39,29,5918.9,no,31,0,2023-04-04,-5918.9
624,Customer_624,customer624@mail.com,stored,Millet,2023-06-28,2023-10-28,29,1450,122,37,4363.53,partial,48,69600,2023-10-28,65236.47
1788,Customer_1788,customer1788@mail.com,storing,Barley,2023-02-04,2023-03-21,30,1500,45,28,1260.0,no,45,0,2023-03-21,-1260.0
879,Customer_879,customer879@mail.com,stored,Rice,2024-05-14,2024-06-25,161,4025,42,39,8790.6,partial,25,0,2024-06-25,-8790.6
1070,Customer_1070,customer1070@mail.com,storing,Millet,2024-02-10,2024-05-17,66,1650,97,26,5548.4,no,30,0,2024-05-17,-5548.4
1991,Customer_1991,customer1991@mail.com,storing,Millet,2023-10-15,2024-03-24,117,5850,161,58,36418.2,no,35,204750,2024-03-24,168331.8
1799,Customer_1799,customer1799@mail.com,storing,Rice,2024-05-31,2024-09-15,24,600,107,29,2482.4,no,50,30000,2024-09-15,27517.6
1243,Customer_1243,customer1243@mail.com,stored,Maize,2023-05-04,2023-09-19,13,650,138,43,2571.4,yes,55,0,2023-09-19,-2571.4
1202,Customer_1202,customer1202@mail.com,stored,Wheat,2023-05-25,2023-11-21,118,2950,180,59,41772.0,no,54,159300,2023-11-21,117528.0
1810,Customer_1810,customer1810@mail.com,sold,Rice,2023-04-10,2023-06-07,20,1000,58,20,773.33,partial,44,44000,2023-06-07,43226.67
780,Customer_780,customer780@mail.com,stored,Sorghum,2024-06-30,2024-12-25,27,1350,178,36,5767.2,yes,44,59400,2024-12-25,53632.8
395,Customer_395,customer395@mail.com,sold,Sorghum,2024-07-25,2024-10-14,176,8800,81,43,20433.6,no,31,272800,2024-10-14,252366.4
1339,Customer_1339,customer1339@mail.com,storing,Rice,2023-09-18,2024-01-04,87,4350,108,30,9396.0,no,54,234900,2024-01-04,225504.0
758,Customer_758,customer758@mail.com,stored,Barley,2024-06-20,2024-09-23,187,4675,95,43,25463.17,no,31,144925,2024-09-23,119461.83
1974,Customer_1974,customer1974@mail.com,stored,Maize,2023-07-13,2024-01-08,19,950,179,45,5101.5,yes,46,43700,2024-01-08,38598.5
1774,Customer_1774,customer1774@mail.com,stored,Millet,2024-02-18,2024-06-15,17,850,118,50,3343.33,partial,31,26350,2024-06-15,23006.67
114,Customer_114,customer114@mail.com,stored,Wheat,2024-07-20,2024-10-09,93,4650,81,20,5022.0,yes,52,241800,2024-10-09,236778.0
1911,Customer_1911,customer1911@mail.com,stored,Barley,2023-12-05,2024-02-27,199,4975,84,20,11144.0,partial,43,213925,2024-02-27,202781.0
1997,Customer_1997,customer1997@mail.com,sold,Sorghum,2023-06-03,2023-09-20,19,950,109,48,3313.6,partial,30,0,2023-09-20,-3313.6
575,Customer_575,customer575@mail.com,sold,Barley,2023-06-06,2023-09-25,187,9350,111,53,36670.7,yes,43,0,2023-09-25,-36670.7
80,Customer_80,customer80@mail.com,storing,Sorghum,2023-09-29,2024-01-07,82,2050,100,58,15853.33,partial,41,0,2024-01-07,-15853.33
627,Customer_627,customer627@mail.com,stored,Sorghum,2023-08-30,2023-11-22,126,3150,84,35,12348.0,yes,32,100800,2023-11-22,88452.0
519,Customer_519,customer519@mail.com,sold,Sorghum,2024-08-21,2024-10-29,127,3175,69,56,16357.6,partial,50,158750,2024-10-29,142392.4
705,Customer_705,customer705@mail.com,sold,Sorghum,2024-05-03,2024-09-24,86,4300,144,37,15273.6,partial,50,215000,2024-09-24,199726.4
1746,Customer_1746,customer1746@mail.com,sold,Barley,2023-02-03,2023-03-27,197,4925,52,42,14341.6,no,35,0,2023-03-27,-14341.6
111,Customer_111,customer111@mail.com,sold,Sorghum,2023-02-06,2023-07-30,42,2100,174,24,5846.4,yes,31,0,2023-07-30,-5846.4
1889,Customer_1889,customer1889@mail.com,stored,Millet,2024-05-23,2024-06-20,90,4500,28,33,2772.0,partial,28,0,2024-06-20,-2772.0
1362,Customer_1362,customer1362@mail.com,sold,Barley,2024-03-28,2024-05-09,172,4300,42,39,9391.2,no,48,0,2024-05-09,-9391.2
1074,Customer_1074,customer1074@mail.com,storing,Sorghum,2023-02-25,2023-08-14,85,4250,170,29,13968.33,partial,49,0,2023-08-14,-13968.33
646,Customer_646,customer646@mail.com,stored,Maize,2024-08-01,2024-11-04,196,4900,95,60,37240.0,partial,33,0,2024-11-04,-37240.0
453,Customer_453,customer453@mail.com,storing,Rice,2023-11-22,2024-01-19,46,2300,58,56,4980.27,no,42,96600,2024-01-19,91619.73
444,Customer_444,customer444@mail.com,storing,Rice,2024-05-24,2024-09-12,82,4100,111,59,17900.6,partial,50,0,2024-09-12,-17900.6
1699,Customer_1699,customer1699@mail.com,sold,Rice,2023-03-30,2023-08-14,157,7850,137,27,19358.1,yes,50,392500,2023-08-14,373141.9
975,Customer_975,customer975@mail.com,storing,Wheat,2024-06-16,2024-09-30,60,3000,106,53,11236.0,no,34,0,2024-09-30,-11236.0
1648,Customer_1648,customer1648@mail.com,storing,Barley,2024-02-17,2024-05-18,82,4100,91,46,11441.73,partial,39,0,2024-05-18,-11441.73
275,Customer_275,customer275@mail.com,stored,Rice,2023-06-01,2023-06-15,32,1600,14,57,851.2,yes,49,0,2023-06-15,-851.2
1625,Customer_1625,customer1625@mail.com,storing,Barley,2024-08-09,2024-12-21,66,3300,134,21,6190.8,no,50,165000,2024-12-21,158809.2
1594,Customer_1594,customer1594@mail.com,sold,Wheat,2023-04-30,2023-09-28,90,4500,151,34,15402.0,partial,54,243000,2023-09-28,227598.0
1874,Customer_1874,customer1874@mail.com,stored,Millet,2023-04-17,2023-10-07,62,1550,173,47,16804.07,no,54,83700,2023-10-07,66895.93
237,Customer_237,customer237@mail.com,stored,Barley,2023-02-24,2023-06-27,16,800,123,47,3083.2,no,53,0,2023-06-27,-3083.2
1721,Customer_1721,customer1721@mail.com,stored,Rice,2023-03-30,2023-05-04,153,7650,35,47,8389.5,partial,49,0,2023-05-04,-8389.5
547,Customer_547,customer547@mail.com,stored,Millet,2023-01-14,2023-05-14,174,4350,120,32,22272.0,no,54,234900,2023-05-14,212628.0
659,Customer_659,customer659@mail.com,stored,Rice,2023-10-10,2023-12-13,36,1800,64,20,1536.0,partial,33,59400,2023-12-13,57864.0
407,Customer_407,customer407@mail.com,sold,Barley,2024-02-16,2024-08-14,95,2375,180,20,11400.0,no,41,0,2024-08-14,-11400.0
1463,Customer_1463,customer1463@mail.com,stored,Maize,2024-08-14,2024-10-30,12,300,77,53,1632.4,no,39,0,2024-10-30,-1632.4
215,Customer_215,customer215@mail.com,stored,Rice,2023-03-20,2023-04-27,174,4350,38,60,13224.0,no,51,221850,2023-04-27,208626.0
1178,Customer_1178,customer1178@mail.com,storing,Maize,2024-01-20,2024-05-04,171,8550,105,41,24538.5,no,29,0,2024-05-04,-24538.5
1442,Customer_1442,customer1442@mail.com,sold,Millet,2023-08-03,2023-11-25,73,1825,114,50,13870.0,yes,36,0,2023-11-25,-13870.0
1396,Customer_1396,customer1396@mail.com,sold,Sorghum,2024-04-13,2024-09-22,145,3625,162,60,46980.0,yes,42,152250,2024-09-22,105270.0
1884,Customer_1884,customer1884@mail.com,storing,Barley,2024-06-27,2024-08-17,115,2875,51,58,11339.0,yes,48,138000,2024-08-17,126661.0
355,Customer_355,customer355@mail.com,storing,Maize,2024-04-11,2024-10-02,139,6950,174,29,23379.8,yes,34,236300,2024-10-02,212920.2
1555,Customer_1555,customer1555@mail.com,storing,Millet,2024-06-22,2024-10-18,69,1725,118,46,12484.4,no,46,0,2024-10-18,-12484.4
1230,Customer_1230,customer1230@mail.com,sold,Maize,2023-10-09,2024-03-18,16,400,161,34,2919.47,yes,44,0,2024-03-18,-2919.47
1418,Customer_1418,customer1418@mail.com,storing,Barley,2024-02-04,2024-05-02,34,1700,88,31,3091.73,partial,38,0,2024-05-02,-3091.73
1029,Customer_1029,customer1029@mail.com,stored,Maize,2023-07-12,2023-09-16,142,7100,66,35,10934.0,yes,55,390500,2023-09-16,379566.0
1531,Customer_1531,customer1531@mail.com,sold,Barley,2023-04-03,2023-05-12,22,1100,39,60,1716.0,partial,36,39600,2023-05-12,37884.0
1799,Customer_1799,customer1799@mail.com,sold,Rice,2023-03-02,2023-07-11,153,3825,131,60,40086.0,partial,50,0,2023-07-11,-40086.0
992,Customer_992,customer992@mail.com,sold,Millet,2023-09-30,2023-11-28,135,6750,59,41,10885.5,yes,41,0,2023-11-28,-10885.5
367,Customer_367,customer367@mail.com,storing,Maize,2023-09-06,2023-11-03,189,9450,58,55,20097.0,no,47,444150,2023-11-03,424053.0
387,Customer_387,customer387@mail.com,storing,Wheat,2024-06-28,2024-08-17,72,1800,50,57,6840.0,no,37,0,2024-08-17,-6840.0
528,Customer_528,customer528@mail.com,stored,Maize,2024-01-23,2024-05-20,27,1350,118,25,2655.0,partial,37,0,2024-05-20,-2655.0
635,Customer_635,customer635@mail.com,sold,Wheat,2024-02-22,2024-04-01,10,500,39,26,338.0,no,39,19500,2024-04-01,19162.0
1145,Customer_1145,customer1145@mail.com,stored,Sorghum,2023-04-10,2023-05-26,59,2950,46,27,2442.6,yes,34,0,2023-05-26,-2442.6
972,Customer_972,customer972@mail.com,storing,Sorghum,2023-12-09,2024-02-29,62,1550,82,29,4914.53,no,31,48050,2024-02-29,43135.47
259,Customer_259,customer259@mail.com,sold,Barley,2024-05-24,2024-08-11,62,3100,79,39,6367.4,partial,35,0,2024-08-11,-6367.4
952,Customer_952,customer952@mail.com,stored,Maize,2024-07-22,2025-01-17,72,1800,179,32,13747.2,partial,28,50400,2025-01-17,36652.8
338,Customer_338,customer338@mail.com,stored,Millet,2024-07-17,2024-09-09,196,9800,54,37,13053.6,yes,31,0,2024-09-09,-13053.6
473,Customer_473,customer473@mail.com,sold,Millet,2023-11-15,2024-02-24,24,1200,101,29,2343.2,no,32,38400,2024-02-24,36056.8
1077,Customer_1077,customer1077@mail.com,stored,Sorghum,2024-03-26,2024-07-30,157,7850,126,51,33629.4,yes,38,0,2024-07-30,-33629.4
397,Customer_397,customer397@mail.com,sold,Millet,2024-06-17,2024-09-27,78,1950,102,59,15646.8,no,32,0,2024-09-27,-15646.8
759,Customer_759,customer759@mail.com,stored,Rice,2023-07-23,2023-11-08,113,2825,108,42,17085.6,yes,45,127125,2023-11-08,110039.4
875,Customer_875,customer875@mail.com,stored,Wheat,2024-08-05,2024-09-25,192,4800,51,41,13382.4,yes,39,0,2024-09-25,-13382.4
810,Customer_810,customer810@mail.com,storing,Wheat,2024-01-07,2024-07-03,189,9450,178,57,63919.8,yes,50,0,2024-07-03,-63919.8
1667,Customer_1667,customer1667@mail.com,sold,Maize,2024-08-13,2024-09-20,50,2500,38,46,2913.33,no,52,130000,2024-09-20,127086.67
1112,Customer_1112,customer1112@mail.com,storing,Rice,2023-01-13,2023-04-07,34,850,84,53,5045.6,partial,39,0,2023-04-07,-5045.6
1109,Customer_1109,customer1109@mail.com,sold,Rice,2024-03-10,2024-08-10,155,3875,153,46,36363.0,partial,54,209250,2024-08-10,172887.0
316,Customer_316,customer316@mail.com,storing,Millet,2023-08-11,2023-12-06,163,8150,117,48,30513.6,partial,40,0,2023-12-06,-30513.6
305,Customer_305,customer305@mail.com,sold,Maize,2023-06-04,2023-10-27,71,3550,145,60,20590.0,yes,25,0,2023-10-27,-20590.0
416,Customer_416,customer416@mail.com,storing,Sorghum,2024-07-08,2024-09-11,45,2250,65,54,5265.0,no,34,0,2024-09-11,-5265.0
1959,Customer_1959,customer1959@mail.com,stored,Sorghum,2023-01-26,2023-02-17,144,7200,22,56,5913.6,no,26,0,2023-02-17,-5913.6
1782,Customer_1782,customer1782@mail.com,sold,Sorghum,2024-04-02,2024-04-25,145,7250,23,58,6447.67,yes,31,224750,2024-04-25,218302.33
263,Customer_263,customer263@mail.com,stored,Sorghum,2023-11-12,2024-01-25,54,1350,74,38,5061.6,yes,34,0,2024-01-25,-5061.6
228,Customer_228,customer228@mail.com,storing,Wheat,2024-04-20,2024-09-21,182,9100,154,48,44844.8,yes,46,418600,2024-09-21,373755.2
1856,Customer_1856,customer1856@mail.com,stored,Rice,2023-06-20,2023-11-07,132,3300,140,59,36344.0,yes,52,171600,2023-11-07,135256.0
197,Customer_197,customer197@mail.com,sold,Millet,2024-01-20,2024-05-19,48,1200,120,42,8064.0,partial,47,0,2024-05-19,-8064.0
1278,Customer_1278,customer1278@mail.com,stored,Sorghum,2023-08-16,2023-10-15,189,4725,60,29,10962.0,yes,38,0,2023-10-15,-10962.0
1416,Customer_1416,customer1416@mail.com,storing,Rice,2023-12-10,2024-02-27,41,1025,79,45,4858.5,yes,40,41000,2024-02-27,36141.5
1838,Customer_1838,customer1838@mail.com,stored,Wheat,2024-07-06,2024-12-25,114,5700,172,41,26797.6,no,33,0,2024-12-25,-26797.6
467,Customer_467,customer467@mail.com,sold,Wheat,2024-04-11,2024-05-26,37,1850,45,39,2164.5,yes,49,90650,2024-05-26,88485.5
602,Customer_602,customer602@mail.com,sold,Rice,2024-05-11,2024-07-30,57,2850,80,30,4560.0,no,32,91200,2024-07-30,86640.0
122,Customer_122,customer122@mail.com,sold,Wheat,2023-01-01,2023-02-16,128,3200,46,38,7458.13,no,49,156800,2023-02-16,149341.87
660,Customer_660,customer660@mail.com,stored,Barley,2023-12-29,2024-01-31,128,3200,33,29,4083.2,yes,29,0,2024-01-31,-4083.2
166,Customer_166,customer166@mail.com,sold,Wheat,2024-05-30,2024-09-13,45,1125,106,48,7632.0,no,48,54000,2024-09-13,46368.0
1393,Customer_1393,customer1393@mail.com,stored,Sorghum,2023-01-05,2023-04-25,186,9300,110,25,17050.0,yes,33,0,2023-04-25,-17050.0
1818,Customer_1818,customer1818@mail.com,sold,Maize,2024-05-10,2024-05-23,176,4400,13,21,1601.6,partial,26,0,2024-05-23,-1601.6
345,Customer_345,customer345@mail.com,stored,Barley,2024-01-28,2024-04-04,81,4050,67,51,9225.9,no,39,0,2024-04-04,-9225.9
1287,Customer_1287,customer1287@mail.com,storing,Millet,2024-01-31,2024-02-23,51,2550,23,47,1837.7,yes,41,0,2024-02-23,-1837.7
295,Customer_295,customer295@mail.com,storing,Millet,2023-06-15,2023-08-01,20,500,47,34,1065.33,yes,27,0,2023-08-01,-1065.33
1532,Customer_1532,customer1532@mail.com,stored,Wheat,2023-09-26,2023-10-23,62,3100,27,60,3348.0,no,33,0,2023-10-23,-3348.0
223,Customer_223,customer223@mail.com,stored,Rice,2024-08-21,2025-02-06,92,4600,169,21,10883.6,partial,51,234600,2025-02-06,223716.4
1361,Customer_1361,customer1361@mail.com,stored,Millet,2024-01-17,2024-06-21,151,7550,156,47,36904.4,no,37,279350,2024-06-21,242445.6
569,Customer_569,customer569@mail.com,sold,Millet,2023-07-14,2023-09-15,93,4650,63,59,11522.7,partial,49,227850,2023-09-15,216327.3
750,Customer_750,customer750@mail.com,storing,Rice,2023-06-16,2023-10-29,122,3050,135,35,19215.0,yes,55,167750,2023-10-29,148535.0
335,Customer_335,customer335@mail.com,stored,Maize,2024-01-13,2024-02-13,189,4725,31,26,5077.8,yes,51,0,2024-02-13,-5077.8
541,Customer_541,customer541@mail.com,storing,Millet,2023-02-24,2023-05-31,168,4200,96,22,11827.2,no,38,159600,2023-05-31,147772.8
614,Customer_614,customer614@mail.com,sold,Millet,2024-02-03,2024-04-21,167,4175,78,29,12591.8,no,39,162825,2024-04-21,150233.2
624,Customer_624,customer624@mail.com,sold,Barley,2024-08-20,2024-11-06,49,2450,78,48,6115.2,partial,44,0,2024-11-06,-6115.2
310,Customer_310,customer310@mail.com,storing,Maize,2023-08-08,2023-11-30,179,8950,114,33,22446.6,partial,38,340100,2023-11-30,317653.4
492,Customer_492,customer492@mail.com,storing,Sorghum,2023-01-11,2023-03-23,178,8900,71,25,10531.67,partial,53,471700,2023-03-23,461168.33
975,Customer_975,customer975@mail.com,storing,Barley,2024-05-24,2024-07-05,156,7800,42,26,5678.4,no,29,0,2024-07-05,-5678.4
551,Customer_551,customer551@mail.com,sold,Maize,2024-05-09,2024-10-14,190,4750,158,60,60040.0,partial,34,161500,2024-10-14,101460.0
1320,Customer_1320,customer1320@mail.com,sold,Maize,2024-02-05,2024-03-07,128,6400,31,27,3571.2,partial,42,268800,2024-03-07,265228.8
1150,Customer_1150,customer1150@mail.com,stored,Sorghum,2023-12-01,2023-12-27,26,650,26,54,1216.8,yes,42,27300,2023-12-27,26083.2
952,Customer_952,customer952@mail.com,storing,Millet,2023-06-07,2023-07-04,46,1150,27,55,2277.0,yes,28,32200,2023-07-04,29923.0
1504,Customer_1504,customer1504@mail.com,stored,Rice,2023-07-15,2023-09-06,66,1650,53,45,5247.0,no,27,0,2023-09-06,-5247.0
1581,Customer_1581,customer1581@mail.com,stored,Barley,2023-01-17,2023-02-28,39,1950,42,40,2184.0,partial,37,72150,2023-02-28,69966.0
126,Customer_126,customer126@mail.com,stored,Maize,2023-03-08,2023-08-13,191,4775,158,28,28166.13,yes,53,253075,2023-08-13,224908.87
449,Customer_449,customer449@mail.com,sold,Maize,2023-09-23,2023-11-14,97,4850,52,47,7902.27,yes,53,0,2023-11-14,-7902.27
1038,Customer_1038,customer1038@mail.com,storing,Wheat,2023-02-14,2023-06-15,131,6550,121,39,20606.3,partial,31,0,2023-06-15,-20606.3
187,Customer_187,customer187@mail.com,stored,Wheat,2023-09-16,2023-12-25,170,8500,100,26,14733.33,no,28,238000,2023-12-25,223266.67
1184,Customer_1184,customer1184@mail.com,sold,Rice,2023-10-14,2024-03-19,185,4625,157,47,45503.83,no,43,0,2024-03-19,-45503.83
1349,Customer_1349,customer1349@mail.com,sold,Millet,2023-08-24,2023-10-06,162,4050,43,50,11610.0,no,52,0,2023-10-06,-11610.0
429,Customer_429,customer429@mail.com,storing,Sorghum,2024-01-27,2024-05-18,48,1200,112,60,10752.0,no,34,40800,2024-05-18,30048.0
1273,Customer_1273,customer1273@mail.com,sold,Maize,2023-01-26,2023-04-04,11,550,68,36,897.6,yes,32,17600,2023-04-04,16702.4
24,Customer_24,customer24@mail.com,sold,Maize,2023-06-06,2023-06-29,159,7950,23,51,6216.9,partial,42,333900,2023-06-29,327683.1
1020,Customer_1020,customer1020@mail.com,sold,Wheat,2023-09-27,2023-12-15,111,2775,79,47,13738.1,yes,35,0,2023-12-15,-13738.1
1005,Customer_1005,customer1005@mail.com,sold,Sorghum,2023-04-18,2023-08-24,153,3825,128,58,37862.4,partial,37,0,2023-08-24,-37862.4
1001,Customer_1001,customer1001@mail.com,stored,Barley,2023-03-31,2023-05-01,52,2600,31,39,2095.6,partial,35,0,2023-05-01,-2095.6
1588,Customer_1588,customer1588@mail.com,storing,Maize,2023-11-17,2024-03-17,183,9150,121,25,18452.5,yes,53,484950,2024-03-17,466497.5
1237,Customer_1237,customer1237@mail.com,stored,Wheat,2024-08-08,2024-12-31,70,1750,145,31,10488.33,no,41,0,2024-12-31,-10488.33
831,Customer_831,customer831@mail.com,stored,Millet,2023-11-29,2024-01-24,165,8250,56,34,10472.0,partial,41,0,2024-01-24,-10472.0
78,Customer_78,customer78@mail.com,sold,Maize,2024-08-18,2024-12-02,137,6850,106,53,25655.53,no,42,287700,2024-12-02,262044.47
736,Customer_736,customer736@mail.com,stored,Wheat,2024-02-06,2024-04-30,199,9950,84,21,11701.2,no,38,378100,2024-04-30,366398.8
1346,Customer_1346,customer1346@mail.com,stored,Maize,2023-03-28,2023-09-03,138,6900,159,46,33644.4,yes,32,220800,2023-09-03,187155.6
621,Customer_621,customer621@mail.com,stored,Barley,2024-05-02,2024-05-23,169,4225,21,32,3785.6,partial,52,219700,2024-05-23,215914.4
1017,Customer_1017,customer1017@mail.com,stored,Millet,2023-01-18,2023-05-20,182,4550,122,53,39227.07,no,39,0,2023-05-20,-39227.07
53,Customer_53,customer53@mail.com,stored,Barley,2023-10-30,2023-11-14,94,4700,15,49,2303.0,yes,50,0,2023-11-14,-2303.0
1928,Customer_1928,customer1928@mail.com,sold,Maize,2024-01-30,2024-05-23,81,4050,114,24,7387.2,no,42,0,2024-05-23,-7387.2
1607,Customer_1607,customer1607@mail.com,stored,Barley,2024-02-14,2024-05-24,77,3850,100,56,14373.33,partial,31,119350,2024-05-24,104976.67
1787,Customer_1787,customer1787@mail.com,storing,Millet,2023-08-21,2023-11-07,189,4725,78,32,15724.8,partial,53,0,2023-11-07,-15724.8
1947,Customer_1947,customer1947@mail.com,storing,Sorghum,2023-01-09,2023-05-14,138,3450,125,30,17250.0,yes,28,0,2023-05-14,-17250.0
135,Customer_135,customer135@mail.com,stored,Barley,2024-02-05,2024-06-19,79,1975,135,48,17064.0,no,53,0,2024-06-19,-17064.0
1492,Customer_1492,customer1492@mail.com,sold,Maize,2023-06-28,2023-10-26,112,5600,120,44,19712.0,no,27,0,2023-10-26,-19712.0
330,Customer_330,customer330@mail.com,storing,Millet,2023-08-24,2023-11-23,151,3775,91,38,17405.27,no,40,0,2023-11-23,-17405.27
1037,Customer_1037,customer1037@mail.com,stored,Barley,2023-01-27,2023-07-20,18,900,174,41,4280.4,partial,36,0,2023-07-20,-4280.4
498,Customer_498,customer498@mail.com,storing,Sorghum,2023-01-04,2023-04-15,166,8300,101,56,31296.53,partial,30,0,2023-04-15,-31296.53
335,Customer_335,customer335@mail.com,sold,Millet,2024-08-06,2024-12-11,73,1825,127,35,10816.17,no,26,0,2024-12-11,-10816.17
306,Customer_306,customer306@mail.com,storing,Barley,2023-09-05,2023-10-30,147,7350,55,24,6468.0,yes,54,0,2023-10-30,-6468.0
531,Customer_531,customer531@mail.com,stored,Wheat,2023-03-20,2023-04-25,173,4325,36,39,8096.4,no,33,142725,2023-04-25,134628.6
1802,Customer_1802,customer1802@mail.com,stored,Rice,2023-09-15,2024-02-04,145,7250,142,28,19217.33,no,40,0,2024-02-04,-19217.33
995,Customer_995,customer995@mail.com,storing,Wheat,2023-04-17,2023-05-10,139,6950,23,32,3410.13,yes,48,333600,2023-05-10,330189.87
1148,Customer_1148,customer1148@mail.com,sold,Rice,2023-07-19,2023-12-25,78,3900,159,54,22323.6,yes,52,202800,2023-12-25,180476.4
1670,Customer_1670,customer1670@mail.com,storing,Barley,2023-11-17,2024-02-12,29,725,87,59,4961.9,no,36,0,2024-02-12,-4961.9
500,Customer_500,customer500@mail.com,storing,Rice,2023-07-21,2023-10-01,168,4200,72,41,16531.2,no,33,0,2023-10-01,-16531.2
1204,Customer_1204,customer1204@mail.com,stored,Wheat,2023-07-02,2023-12-26,148,3700,177,52,45406.4,partial,50,0,2023-12-26,-45406.4
543,Customer_543,customer543@mail.com,stored,Millet,2023-10-20,2024-03-07,45,2250,139,60,12510.0,partial,53,0,2024-03-07,-12510.0
1521,Customer_1521,customer1521@mail.com,storing,Barley,2024-02-04,2024-05-22,70,3500,108,31,7812.0,yes,31,108500,2024-05-22,100688.0
1820,Customer_1820,customer1820@mail.com,sold,Millet,2024-01-02,2024-04-17,189,4725,106,59,39400.2,yes,29,0,2024-04-17,-39400.2
900,Customer_900,customer900@mail.com,stored,Sorghum,2023-08-24,2023-12-22,185,4625,120,54,39960.0,partial,46,0,2023-12-22,-39960.0
1200,Customer_1200,customer1200@mail.com,storing,Wheat,2023-05-28,2023-08-14,102,5100,78,20,5304.0,no,26,0,2023-08-14,-5304.0
1014,Customer_1014,customer1014@mail.com,sold,Barley,2023-04-27,2023-09-02,164,8200,128,55,38485.33,yes,36,295200,2023-09-02,256714.67
1483,Customer_1483,customer1483@mail.com,sold,Sorghum,2024-01-19,2024-05-08,49,2450,110,28,5030.67,yes,29,71050,2024-05-08,66019.33
1187,Customer_1187,customer1187@mail.com,sold,Millet,2023-09-28,2024-03-22,33,1650,176,36,6969.6,no,30,0,2024-03-22,-6969.6
743,Customer_743,customer743@mail.com,sold,Sorghum,2023-07-18,2023-12-14,186,9300,149,45,41571.0,partial,47,0,2023-12-14,-41571.0
118,Customer_118,customer118@mail.com,stored,Barley,2024-04-04,2024-07-31,144,3600,118,36,20390.4,partial,42,151200,2024-07-31,130809.6
576,Customer_576,customer576@mail.com,storing,Rice,2024-02-10,2024-07-21,183,4575,162,33,32610.6,no,55,0,2024-07-21,-32610.6
500,Customer_500,customer500@mail.com,sold,Wheat,2023-01-29,2023-05-20,160,8000,111,30,17760.0,yes,50,0,2023-05-20,-17760.0
924,Customer_924,customer924@mail.com,stored,Maize,2024-01-12,2024-04-30,145,3625,109,44,23180.67,no,52,188500,2024-04-30,165319.33
1819,Customer_1819,customer1819@mail.com,storing,Sorghum,2023-05-01,2023-10-08,10,250,160,60,3200.0,partial,44,0,2023-10-08,-3200.0
1444,Customer_1444,customer1444@mail.com,stored,Maize,2023-04-26,2023-10-23,62,1550,180,49,18228.0,no,26,40300,2023-10-23,22072.0
1186,Customer_1186,customer1186@mail.com,stored,Millet,2024-02-03,2024-06-03,169,8450,121,53,36126.57,partial,47,397150,2024-06-03,361023.43
420,Customer_420,customer420@mail.com,sold,Barley,2023-12-30,2024-02-11,31,775,43,28,1244.13,partial,54,41850,2024-02-11,40605.87
716,Customer_716,customer716@mail.com,sold,Wheat,2023-08-06,2023-11-19,12,300,105,57,2394.0,partial,49,14700,2023-11-19,12306.0
1222,Customer_1222,customer1222@mail.com,stored,Maize,2024-01-22,2024-04-23,43,1075,92,55,7252.67,partial,51,0,2024-04-23,-7252.67
730,Customer_730,customer730@mail.com,storing,Sorghum,2024-07-23,2024-10-22,104,5200,91,22,6940.27,no,55,286000,2024-10-22,279059.73
1240,Customer_1240,customer1240@mail.com,storing,Barley,2023-08-22,2023-11-12,114,2850,82,26,8101.6,no,50,0,2023-11-12,-8101.6
1584,Customer_1584,customer1584@mail.com,stored,Wheat,2023-07-24,2023-10-17,126,6300,85,48,17136.0,no,31,0,2023-10-17,-17136.0
10,Customer_10,customer10@mail.com,stored,Barley,2023-12-28,2024-03-02,135,6750,65,52,15210.0,no,38,256500,2024-03-02,241290.0
1742,Customer_1742,customer1742@mail.com,storing,Wheat,2024-02-15,2024-06-26,138,3450,132,57,34610.4,yes,48,0,2024-06-26,-34610.4
166,Customer_166,customer166@mail.com,stored,Rice,2024-03-15,2024-06-09,105,2625,86,33,9933.0,partial,41,107625,2024-06-09,97692.0
1193,Customer_1193,customer1193@mail.com,sold,Millet,2024-02-21,2024-04-01,168,8400,40,39,8736.0,yes,35,294000,2024-04-01,285264.0
1874,Customer_1874,customer1874@mail.com,storing,Maize,2024-02-23,2024-06-11,171,4275,109,60,37278.0,yes,55,235125,2024-06-11,197847.0
1551,Customer_1551,customer1551@mail.com,stored,Maize,2024-06-08,2024-10-27,14,700,141,40,2632.0,no,50,35000,2024-10-27,32368.0
1106,Customer_1106,customer1106@mail.com,stored,Wheat,2023-04-30,2023-07-23,94,4700,84,57,15002.4,no,39,0,2023-07-23,-15002.4
63,Customer_63,customer63@mail.com,storing,Wheat,2023-05-04,2023-07-21,119,2975,78,23,7116.2,partial,52,154700,2023-07-21,147583.8
144,Customer_144,customer144@mail.com,stored,Millet,2023-02-09,2023-04-03,132,3300,53,40,9328.0,yes,29,95700,2023-04-03,86372.0
602,Customer_602,customer602@mail.com,storing,Wheat,2024-02-19,2024-07-13,182,9100,145,36,31668.0,no,35,318500,2024-07-13,286832.0
352,Customer_352,customer352@mail.com,stored,Maize,2024-08-08,2024-11-28,109,2725,112,32,13021.87,no,31,0,2024-11-28,-13021.87
1902,Customer_1902,customer1902@mail.com,stored,Rice,2024-05-08,2024-06-14,136,6800,37,39,6541.6,partial,36,0,2024-06-14,-6541.6
546,Customer_546,customer546@mail.com,stored,Millet,2023-05-25,2023-07-26,79,1975,62,31,5061.27,yes,39,0,2023-07-26,-5061.27
224,Customer_224,customer224@mail.com,stored,Millet,2023-08-02,2023-11-03,39,975,93,55,6649.5,partial,48,46800,2023-11-03,40150.5
844,Customer_844,customer844@mail.com,stored,Maize,2023-01-13,2023-05-19,74,1850,126,29,9013.2,partial,49,90650,2023-05-19,81636.8
448,Customer_448,customer448@mail.com,storing,Sorghum,2023-03-03,2023-04-01,200,10000,29,57,11020.0,yes,44,0,2023-04-01,-11020.0
152,Customer_152,customer152@mail.com,storing,Wheat,2023-06-28,2023-09-17,45,2250,81,51,6196.5,partial,54,121500,2023-09-17,115303.5
330,Customer_330,customer330@mail.com,storing,Wheat,2024-04-08,2024-09-27,30,1500,172,43,7396.0,partial,27,40500,2024-09-27,33104.0
1393,Customer_1393,customer1393@mail.com,storing,Wheat,2023-11-23,2023-12-17,157,7850,24,51,6405.6,no,26,204100,2023-12-17,197694.4
593,Customer_593,customer593@mail.com,sold,Wheat,2024-01-18,2024-06-20,104,5200,154,44,23490.13,no,45,234000,2024-06-20,210509.87
1893,Customer_1893,customer1893@mail.com,storing,Millet,2024-04-08,2024-08-04,104,5200,118,21,8590.4,yes,50,0,2024-08-04,-8590.4
1307,Customer_1307,customer1307@mail.com,stored,Maize,2023-02-20,2023-05-02,82,4100,71,36,6986.4,no,37,151700,2023-05-02,144713.6
1384,Customer_1384,customer1384@mail.com,storing,Wheat,2023-01-02,2023-02-09,73,3650,38,20,1849.33,yes,48,175200,2023-02-09,173350.67
1055,Customer_1055,customer1055@mail.com,stored,Sorghum,2023-12-19,2024-05-29,38,950,162,24,4924.8,yes,51,48450,2024-05-29,43525.2
1190,Customer_1190,customer1190@mail.com,storing,Rice,2023-12-06,2024-05-13,12,600,159,50,3180.0,partial,45,27000,2024-05-13,23820.0
1309,Customer_1309,customer1309@mail.com,stored,Maize,2023-10-22,2023-12-11,19,950,50,56,1773.33,yes,27,25650,2023-12-11,23876.67
435,Customer_435,customer435@mail.com,sold,Barley,2023-11-28,2024-02-22,61,1525,86,47,8218.73,yes,26,39650,2024-02-22,31431.27
1324,Customer_1324,customer1324@mail.com,stored,Rice,2023-10-02,2024-01-06,101,2525,96,27,8726.4,yes,45,0,2024-01-06,-8726.4
809,Customer_809,customer809@mail.com,sold,Millet,2023-09-07,2023-11-13,97,2425,67,49,10615.03,no,26,63050,2023-11-13,52434.97
1037,Customer_1037,customer1037@mail.com,sold,Sorghum,2024-03-11,2024-03-31,181,9050,20,36,4344.0,yes,54,488700,2024-03-31,484356.0
1066,Customer_1066,customer1066@mail.com,storing,Barley,2023-10-11,2024-03-31,107,2675,172,35,21471.33,partial,46,123050,2024-03-31,101578.67
943,Customer_943,customer943@mail.com,sold,Sorghum,2023-01-12,2023-05-17,190,9500,125,59,46708.33,yes,54,0,2023-05-17,-46708.33
1348,Customer_1348,customer1348@mail.com,sold,Barley,2024-03-09,2024-08-13,36,1800,157,35,6594.0,yes,52,0,2024-08-13,-6594.0
1951,Customer_1951,customer1951@mail.com,storing,Maize,2023-04-13,2023-09-07,76,3800,147,46,17130.4,partial,54,205200,2023-09-07,188069.6
920,Customer_920,customer920@mail.com,stored,Rice,2023-05-18,2023-09-14,92,4600,119,33,12042.8,no,44,0,2023-09-14,-12042.8
314,Customer_314,customer314@mail.com,sold,Sorghum,2023-11-06,2024-03-20,100,2500,135,50,22500.0,partial,54,0,2024-03-20,-22500.0
142,Customer_142,customer142@mail.com,storing,Barley,2023-05-22,2023-10-06,75,1875,137,46,15755.0,partial,46,86250,2023-10-06,70495.0
1413,Customer_1413,customer1413@mail.com,storing,Wheat,2023-05-20,2023-09-22,54,1350,125,33,7425.0,no,39,52650,2023-09-22,45225.0
837,Customer_837,customer837@mail.com,stored,Rice,2023-01-19,2023-04-21,19,950,92,52,3029.87,no,25,23750,2023-04-21,20720.13
630,Customer_630,customer630@mail.com,storing,Sorghum,2023-10-02,2023-12-28,116,2900,87,35,11774.0,no,26,0,2023-12-28,-11774.0
331,Customer_331,customer331@mail.com,stored,Millet,2024-08-23,2024-11-06,12,600,75,27,810.0,partial,37,0,2024-11-06,-810.0
1152,Customer_1152,customer1152@mail.com,storing,Wheat,2024-06-02,2024-09-22,106,5300,112,56,22161.07,partial,40,0,2024-09-22,-22161.07
797,Customer_797,customer797@mail.com,storing,Sorghum,2024-05-09,2024-10-18,81,2025,162,47,20557.8,partial,32,0,2024-10-18,-20557.8
262,Customer_262,customer262@mail.com,storing,Wheat,2023-08-26,2023-12-27,167,4175,123,21,14378.7,partial,42,175350,2023-12-27,160971.3
379,Customer_379,customer379@mail.com,stored,Rice,2024-06-14,2024-08-01,95,4750,48,20,3040.0,no,45,0,2024-08-01,-3040.0
392,Customer_392,customer392@mail.com,sold,Millet,2023-11-24,2023-12-27,47,1175,33,23,1189.1,partial,38,44650,2023-12-27,43460.9
1932,Customer_1932,customer1932@mail.com,sold,Sorghum,2024-05-12,2024-09-13,172,8600,124,39,27726.4,partial,49,0,2024-09-13,-27726.4
428,Customer_428,customer428@mail.com,stored,Wheat,2023-08-12,2023-10-28,140,7000,77,45,16170.0,yes,41,287000,2023-10-28,270830.0
683,Customer_683,customer683@mail.com,storing,Rice,2023-01-04,2023-02-14,172,8600,41,55,12928.67,partial,28,0,2023-02-14,-12928.67
686,Customer_686,customer686@mail.com,stored,Wheat,2024-01-21,2024-04-26,137,3425,96,49,21481.6,yes,33,113025,2024-04-26,91543.4
1391,Customer_1391,customer1391@mail.com,storing,Barley,2023-07-16,2023-07-28,56,2800,12,46,1030.4,yes,27,0,2023-07-28,-1030.4
196,Customer_196,customer196@mail.com,stored,Rice,2023-04-17,2023-08-03,73,3650,108,41,10774.8,partial,38,138700,2023-08-03,127925.2
1113,Customer_1113,customer1113@mail.com,stored,Maize,2024-05-15,2024-07-13,171,8550,59,43,14460.9,partial,40,342000,2024-07-13,327539.1
972,Customer_972,customer972@mail.com,stored,Wheat,2024-06-20,2024-09-09,73,1825,81,36,7095.6,partial,28,0,2024-09-09,-7095.6
1031,Customer_1031,customer1031@mail.com,stored,Barley,2024-03-07,2024-04-15,79,1975,39,33,3389.1,yes,29,57275,2024-04-15,53885.9
777,Customer_777,customer777@mail.com,sold,Millet,2024-06-29,2024-12-07,102,2550,161,59,32296.6,partial,25,63750,2024-12-07,31453.4
1484,Customer_1484,customer1484@mail.com,storing,Millet,2024-05-13,2024-06-21,44,2200,39,53,3031.6,yes,26,0,2024-06-21,-3031.6
926,Customer_926,customer926@mail.com,sold,Millet,2024-01-27,2024-04-21,184,4600,85,56,29194.67,partial,31,142600,2024-04-21,113405.33
211,Customer_211,customer211@mail.com,storing,Barley,2023-02-01,2023-03-16,133,6650,43,51,9722.3,no,53,0,2023-03-16,-9722.3
364,Customer_364,customer364@mail.com,storing,Wheat,2024-02-14,2024-05-21,62,3100,97,30,6014.0,partial,49,0,2024-05-21,-6014.0
1727,Customer_1727,customer1727@mail.com,storing,Barley,2024-05-22,2024-08-09,185,4625,79,39,18999.5,partial,39,0,2024-08-09,-18999.5
292,Customer_292,customer292@mail.com,sold,Wheat,2024-04-01,2024-09-05,101,5050,157,45,23785.5,partial,34,171700,2024-09-05,147914.5
1483,Customer_1483,customer1483@mail.com,stored,Maize,2023-07-23,2023-10-05,135,6750,74,57,18981.0,no,42,283500,2023-10-05,264519.0
31,Customer_31,customer31@mail.com,storing,Sorghum,2023-07-05,2023-12-17,130,3250,165,56,40040.0,yes,32,0,2023-12-17,-40040.0
1519,Customer_1519,customer1519@mail.com,storing,Millet,2024-01-03,2024-02-05,149,3725,33,57,9342.3,partial,46,0,2024-02-05,-9342.3
1804,Customer_1804,customer1804@mail.com,storing,Sorghum,2023-03-23,2023-04-02,29,725,10,37,357.67,yes,55,39875,2023-04-02,39517.33
208,Customer_208,customer208@mail.com,stored,Sorghum,2024-05-28,2024-08-24,163,4075,88,29,13865.87,yes,42,171150,2024-08-24,157284.13
1118,Customer_1118,customer1118@mail.com,sold,Sorghum,2023-05-09,2023-08-28,122,3050,111,45,20313.0,no,32,0,2023-08-28,-20313.0
1079,Customer_1079,customer1079@mail.com,stored,Sorghum,2023-06-16,2023-08-19,12,300,64,59,1510.4,yes,45,13500,2023-08-19,11989.6
1099,Customer_1099,customer1099@mail.com,stored,Rice,2023-10-15,2024-04-05,47,1175,173,43,11654.43,yes,49,57575,2024-04-05,45920.57
849,Customer_849,customer849@mail.com,storing,Maize,2023-12-06,2024-03-05,57,2850,90,40,6840.0,yes,41,116850,2024-03-05,110010.0
1799,Customer_1799,customer1799@mail.com,stored,Maize,2023-09-02,2023-11-28,62,1550,87,42,7551.6,partial,51,0,2023-11-28,-7551.6
675,Customer_675,customer675@mail.com,stored,Barley,2023-08-10,2023-10-31,10,250,82,55,1503.33,partial,40,0,2023-10-31,-1503.33
1540,Customer_1540,customer1540@mail.com,storing,Millet,2023-10-07,2023-10-28,137,6850,21,46,4411.4,yes,40,274000,2023-10-28,269588.6
1868,Customer_1868,customer1868@mail.com,sold,Wheat,2024-03-25,2024-04-20,62,3100,26,56,3009.07,yes,48,148800,2024-04-20,145790.93
1620,Customer_1620,customer1620@mail.com,stored,Sorghum,2023-10-03,2024-03-09,166,8300,158,41,35844.93,partial,39,323700,2024-03-09,287855.07
612,Customer_612,customer612@mail.com,stored,Barley,2023-08-27,2023-11-06,92,4600,71,31,6749.73,partial,47,216200,2023-11-06,209450.27
1622,Customer_1622,customer1622@mail.com,stored,Sorghum,2023-08-09,2023-08-23,162,8100,14,50,3780.0,no,31,251100,2023-08-23,247320.0
376,Customer_376,customer376@mail.com,sold,Maize,2023-08-14,2023-12-30,54,2700,138,30,7452.0,yes,39,0,2023-12-30,-7452.0
794,Customer_794,customer794@mail.com,stored,Wheat,2023-10-02,2024-02-26,21,525,147,31,3189.9,partial,35,18375,2024-02-26,15185.1
188,Customer_188,customer188@mail.com,storing,Barley,2023-02-10,2023-06-18,189,4725,128,55,44352.0,partial,38,179550,2023-06-18,135198.0
1163,Customer_1163,customer1163@mail.com,stored,Barley,2023-06-12,2023-11-05,41,2050,146,45,8979.0,yes,45,92250,2023-11-05,83271.0
1138,Customer_1138,customer1138@mail.com,stored,Barley,2024-02-16,2024-04-03,146,7300,47,45,10293.0,partial,52,0,2024-04-03,-10293.0
537,Customer_537,customer537@mail.com,sold,Sorghum,2024-07-16,2024-08-08,93,4650,23,57,4064.1,no,49,0,2024-08-08,-4064.1
682,Customer_682,customer682@mail.com,stored,Rice,2024-01-27,2024-04-30,186,4650,94,25,14570.0,no,37,0,2024-04-30,-14570.0
666,Customer_666,customer666@mail.com,sold,Sorghum,2023-05-12,2023-10-24,25,1250,165,53,7287.5,no,39,48750,2023-10-24,41462.5
1846,Customer_1846,customer1846@mail.com,sold,Millet,2024-02-18,2024-03-22,200,10000,33,43,9460.0,partial,42,0,2024-03-22,-9460.0
1127,Customer_1127,customer1127@mail.com,storing,Millet,2023-01-17,2023-05-27,150,3750,130,38,24700.0,partial,30,112500,2023-05-27,87800.0
479,Customer_479,customer479@mail.com,sold,Sorghum,2023-12-22,2024-06-03,149,3725,164,48,39097.6,no,43,0,2024-06-03,-39097.6
1359,Customer_1359,customer1359@mail.com,storing,Millet,2023-11-18,2023-12-07,173,4325,19,53,5807.03,partial,26,112450,2023-12-07,106642.97
378,Customer_378,customer378@mail.com,sold,Wheat,2024-03-16,2024-06-20,115,2875,96,42,15456.0,no,46,0,2024-06-20,-15456.0
1029,Customer_1029,customer1029@mail.com,sold,Sorghum,2023-07-22,2023-10-11,15,375,81,33,1336.5,no,42,15750,2023-10-11,14413.5
640,Customer_640,customer640@mail.com,stored,Rice,2023-03-09,2023-07-27,11,550,140,39,2002.0,yes,53,29150,2023-07-27,27148.0
1212,Customer_1212,customer1212@mail.com,storing,Rice,2023-09-14,2023-12-26,185,9250,103,60,38110.0,partial,30,0,2023-12-26,-38110.0
98,Customer_98,customer98@mail.com,sold,Rice,2024-05-19,2024-07-01,100,5000,43,30,4300.0,yes,32,160000,2024-07-01,155700.0
1281,Customer_1281,customer1281@mail.com,storing,Millet,2023-03-13,2023-06-23,155,7750,102,44,23188.0,no,46,356500,2023-06-23,333312.0
884,Customer_884,customer884@mail.com,stored,Millet,2024-03-15,2024-07-16,88,4400,123,49,17679.2,yes,41,180400,2024-07-16,162720.8
1235,Customer_1235,customer1235@mail.com,sold,Sorghum,2023-05-27,2023-06-11,175,4375,15,32,2800.0,partial,41,0,2023-06-11,-2800.0
242,Customer_242,customer242@mail.com,storing,Maize,2023-05-22,2023-08-13,73,1825,83,32,6462.93,yes,32,0,2023-08-13,-6462.93
1737,Customer_1737,customer1737@mail.com,storing,Wheat,2024-02-26,2024-05-30,34,1700,94,20,2130.67,no,46,0,2024-05-30,-2130.67
1559,Customer_1559,customer1559@mail.com,storing,Rice,2024-07-24,2024-10-18,163,8150,86,45,21027.0,no,25,0,2024-10-18,-21027.0
1195,Customer_1195,customer1195@mail.com,stored,Sorghum,2023-08-22,2023-09-06,133,6650,15,33,2194.5,no,47,312550,2023-09-06,310355.5
91,Customer_91,customer91@mail.com,sold,Rice,2023-05-15,2023-08-01,59,2950,78,26,3988.4,no,51,150450,2023-08-01,146461.6
1123,Customer_1123,customer1123@mail.com,stored,Millet,2023-07-24,2023-10-25,42,1050,93,34,4426.8,no,28,29400,2023-10-25,24973.2
1351,Customer_1351,customer1351@mail.com,sold,Sorghum,2023-12-11,2023-12-22,187,9350,11,24,1645.6,yes,51,0,2023-12-22,-1645.6
1617,Customer_1617,customer1617@mail.com,storing,Wheat,2023-08-13,2023-11-27,59,2950,106,53,11048.73,yes,49,0,2023-11-27,-11048.73
355,Customer_355,customer355@mail.com,stored,Wheat,2024-02-16,2024-04-17,162,8100,61,60,19764.0,no,25,0,2024-04-17,-19764.0
1680,Customer_1680,customer1680@mail.com,stored,Rice,2024-07-29,2024-10-27,126,6300,90,23,8694.0,yes,46,289800,2024-10-27,281106.0
73,Customer_73,customer73@mail.com,sold,Millet,2023-04-05,2023-06-28,168,4200,84,49,23049.6,partial,34,0,2023-06-28,-23049.6
594,Customer_594,customer594@mail.com,sold,Millet,2023-09-29,2023-11-04,11,550,36,41,541.2,partial,34,0,2023-11-04,-541.2
1182,Customer_1182,customer1182@mail.com,sold,Millet,2024-07-25,2024-10-17,134,3350,84,30,11256.0,yes,26,87100,2024-10-17,75844.0
407,Customer_407,customer407@mail.com,stored,Millet,2023-10-09,2023-12-20,43,2150,72,51,5263.2,yes,31,0,2023-12-20,-5263.2
584,Customer_584,customer584@mail.com,storing,Sorghum,2023-02-06,2023-07-07,128,3200,151,31,19972.27,partial,55,176000,2023-07-07,156027.73
139,Customer_139,customer139@mail.com,storing,Maize,2023-07-19,2023-09-22,94,2350,65,47,9572.33,no,36,0,2023-09-22,-9572.33
533,Customer_533,customer533@mail.com,storing,Sorghum,2024-06-16,2024-11-05,92,4600,142,52,22644.27,no,25,0,2024-11-05,-22644.27
1832,Customer_1832,customer1832@mail.com,stored,Barley,2023-08-04,2023-12-16,156,3900,134,24,16723.2,yes,49,191100,2023-12-16,174376.8
935,Customer_935,customer935@mail.com,storing,Millet,2024-04-22,2024-06-01,155,3875,40,50,10333.33,yes,50,0,2024-06-01,-10333.33
1298,Customer_1298,customer1298@mail.com,sold,Sorghum,2023-02-13,2023-03-06,169,4225,21,26,3075.8,no,38,0,2023-03-06,-3075.8
184,Customer_184,customer184@mail.com,sold,Rice,2024-05-26,2024-06-17,94,2350,22,33,2274.8,partial,29,68150,2024-06-17,65875.2
237,Customer_237,customer237@mail.com,stored,Millet,2024-01-13,2024-05-21,182,9100,129,49,38347.4,no,42,382200,2024-05-21,343852.6
1467,Customer_1467,customer1467@mail.com,stored,Sorghum,2023-05-23,2023-08-24,42,1050,93,54,7030.8,yes,41,43050,2023-08-24,36019.2
650,Customer_650,customer650@mail.com,storing,Rice,2024-08-03,2024-09-14,125,6250,42,27,4725.0,yes,39,0,2024-09-14,-4725.0
1296,Customer_1296,customer1296@mail.com,stored,Wheat,2023-06-09,2023-11-23,72,1800,167,34,13627.2,partial,41,0,2023-11-23,-13627.2
1520,Customer_1520,customer1520@mail.com,stored,Wheat,2024-04-17,2024-08-10,17,425,115,45,2932.5,partial,40,17000,2024-08-10,14067.5
1133,Customer_1133,customer1133@mail.com,storing,Wheat,2024-02-09,2024-04-03,193,4825,54,38,13201.2,yes,36,0,2024-04-03,-13201.2
806,Customer_806,customer806@mail.com,storing,Sorghum,2024-03-25,2024-06-29,155,3875,96,30,14880.0,no,47,182125,2024-06-29,167245.0
549,Customer_549,customer549@mail.com,storing,Rice,2023-04-06,2023-05-11,127,6350,35,20,2963.33,yes,37,234950,2023-05-11,231986.67
366,Customer_366,customer366@mail.com,stored,Rice,2024-05-01,2024-10-09,49,1225,161,39,10255.7,no,33,0,2024-10-09,-10255.7
955,Customer_955,customer955@mail.com,sold,Wheat,2024-06-09,2024-09-25,91,4550,108,29,9500.4,no,40,0,2024-09-25,-9500.4
197,Customer_197,customer197@mail.com,sold,Millet,2023-02-07,2023-03-24,67,1675,45,24,2412.0,no,34,0,2023-03-24,-2412.0
668,Customer_668,customer668@mail.com,sold,Sorghum,2023-06-08,2023-10-22,31,1550,136,35,4918.67,yes,44,0,2023-10-22,-4918.67
928,Customer_928,customer928@mail.com,sold,Sorghum,2023-04-22,2023-06-22,85,4250,61,43,7431.83,partial,33,0,2023-06-22,-7431.83
1328,Customer_1328,customer1328@mail.com,stored,Maize,2023-01-15,2023-02-24,24,600,40,21,672.0,partial,31,18600,2023-02-24,17928.0
1830,Customer_1830,customer1830@mail.com,stored,Barley,2023-12-13,2024-05-12,76,3800,151,40,15301.33,yes,26,0,2024-05-12,-15301.33
231,Customer_231,customer231@mail.com,sold,Rice,2023-07-25,2023-08-18,91,2275,24,52,3785.6,yes,27,0,2023-08-18,-3785.6
43,Customer_43,customer43@mail.com,sold,Maize,2023-12-07,2024-03-06,165,8250,90,58,28710.0,partial,49,404250,2024-03-06,375540.0
711,Customer_711,customer711@mail.com,sold,Millet,2023-07-05,2023-12-09,131,6550,157,22,15082.47,no,36,0,2023-12-09,-15082.47
1160,Customer_1160,customer1160@mail.com,stored,Rice,2023-02-03,2023-03-18,115,2875,43,25,4120.83,partial,54,155250,2023-03-18,151129.17
249,Customer_249,customer249@mail.com,storing,Rice,2023-02-10,2023-07-06,52,2600,146,51,12906.4,no,49,0,2023-07-06,-12906.4
1436,Customer_1436,customer1436@mail.com,storing,Rice,2023-12-26,2024-02-10,29,725,46,57,2534.6,yes,51,36975,2024-02-10,34440.4
1577,Customer_1577,customer1577@mail.com,storing,Sorghum,2023-12-06,2024-05-30,125,6250,176,58,42533.33,yes,33,0,2024-05-30,-42533.33
1939,Customer_1939,customer1939@mail.com,storing,Wheat,2023-09-24,2023-10-24,22,1100,30,55,1210.0,no,52,57200,2023-10-24,55990.0
1080,Customer_1080,customer1080@mail.com,stored,Maize,2023-11-07,2024-01-23,186,4650,77,23,10980.2,yes,36,0,2024-01-23,-10980.2
1048,Customer_1048,customer1048@mail.com,stored,Rice,2024-02-27,2024-05-05,10,500,68,53,1201.33,no,50,25000,2024-05-05,23798.67
73,Customer_73,customer73@mail.com,storing,Rice,2023-11-05,2024-04-26,155,3875,173,45,40222.5,no,38,0,2024-04-26,-40222.5
1089,Customer_1089,customer1089@mail.com,storing,Barley,2024-07-07,2024-08-04,109,2725,28,42,4272.8,yes,42,114450,2024-08-04,110177.2
575,Customer_575,customer575@mail.com,storing,Millet,2023-05-03,2023-07-07,186,4650,65,38,15314.0,partial,37,172050,2023-07-07,156736.0
624,Customer_624,customer624@mail.com,stored,Wheat,2023-02-24,2023-06-09,152,7600,105,59,31388.0,no,40,304000,2023-06-09,272612.0
532,Customer_532,customer532@mail.com,storing,Barley,2024-04-06,2024-05-02,165,4125,26,37,5291.0,yes,30,123750,2024-05-02,118459.0
1339,Customer_1339,customer1339@mail.com,storing,Millet,2023-03-12,2023-06-12,24,1200,92,30,2208.0,partial,41,0,2023-06-12,-2208.0
1302,Customer_1302,customer1302@mail.com,storing,Sorghum,2023-03-03,2023-04-21,118,5900,49,25,4818.33,yes,44,0,2023-04-21,-4818.33
1236,Customer_1236,customer1236@mail.com,stored,Wheat,2023-07-18,2023-11-23,44,2200,128,22,4130.13,no,35,0,2023-11-23,-4130.13
1978,Customer_1978,customer1978@mail.com,storing,Barley,2023-05-24,2023-07-27,151,7550,64,41,13207.47,no,53,0,2023-07-27,-13207.47
508,Customer_508,customer508@mail.com,storing,Wheat,2024-06-11,2024-11-28,116,5800,170,56,36810.67,no,27,156600,2024-11-28,119789.33
1242,Customer_1242,customer1242@mail.com,stored,Maize,2024-04-08,2024-05-27,72,1800,49,50,5880.0,no,53,95400,2024-05-27,89520.0
264,Customer_264,customer264@mail.com,sold,Wheat,2023-10-19,2024-01-09,159,3975,82,59,25641.4,yes,27,107325,2024-01-09,81683.6
152,Customer_152,customer152@mail.com,sold,Maize,2023-07-04,2023-09-29,193,9650,87,52,29104.4,partial,48,463200,2023-09-29,434095.6
1346,Customer_1346,customer1346@mail.com,stored,Millet,2023-07-28,2023-10-03,33,1650,67,56,4127.2,yes,36,59400,2023-10-03,55272.8
1622,Customer_1622,customer1622@mail.com,storing,Maize,2023-08-13,2023-09-10,179,4475,28,49,8186.27,partial,26,0,2023-09-10,-8186.27
1413,Customer_1413,customer1413@mail.com,sold,Wheat,2024-05-11,2024-09-19,55,1375,131,45,10807.5,no,47,0,2024-09-19,-10807.5
999,Customer_999,customer999@mail.com,storing,Sorghum,2023-12-11,2023-12-21,87,4350,10,43,1247.0,no,37,160950,2023-12-21,159703.0
774,Customer_774,customer774@mail.com,stored,Sorghum,2023-09-01,2024-02-16,122,6100,168,53,36209.6,no,54,0,2024-02-16,-36209.6
1834,Customer_1834,customer1834@mail.com,stored,Barley,2024-03-31,2024-08-11,192,9600,133,31,26387.2,partial,54,0,2024-08-11,-26387.2
1294,Customer_1294,customer1294@mail.com,stored,Rice,2023-11-29,2024-04-16,194,9700,139,40,35954.67,partial,52,0,2024-04-16,-35954.67
18,Customer_18,customer18@mail.com,stored,Wheat,2023-08-02,2023-10-06,26,650,65,52,2929.33,partial,52,0,2023-10-06,-2929.33
329,Customer_329,customer329@mail.com,stored,Wheat,2024-06-29,2024-11-18,36,900,142,22,3748.8,yes,47,42300,2024-11-18,38551.2
528,Customer_528,customer528@mail.com,storing,Wheat,2023-09-17,2024-01-23,147,7350,128,57,35750.4,yes,53,389550,2024-01-23,353799.6
829,Customer_829,customer829@mail.com,sold,Millet,2023-06-25,2023-09-23,129,6450,90,35,13545.0,no,49,316050,2023-09-23,302505.0
608,Customer_608,customer608@mail.com,stored,Barley,2023-07-04,2023-12-16,43,1075,165,60,14190.0,no,44,47300,2023-12-16,33110.0
1768,Customer_1768,customer1768@mail.com,stored,Maize,2023-12-14,2024-04-15,29,725,123,54,6420.6,partial,47,34075,2024-04-15,27654.4
1282,Customer_1282,customer1282@mail.com,storing,Rice,2023-08-11,2023-10-25,11,275,75,60,1650.0,partial,41,11275,2023-10-25,9625.0
172,Customer_172,customer172@mail.com,stored,Wheat,2023-10-25,2024-01-09,148,3700,76,35,13122.67,yes,27,99900,2024-01-09,86777.33
448,Customer_448,customer448@mail.com,sold,Wheat,2024-06-30,2024-09-05,71,3550,67,43,6818.37,yes,40,142000,2024-09-05,135181.63
947,Customer_947,customer947@mail.com,stored,Wheat,2023-11-21,2024-04-20,41,2050,151,51,10524.7,no,27,0,2024-04-20,-10524.7
1917,Customer_1917,customer1917@mail.com,sold,Millet,2023-05-09,2023-08-30,37,1850,113,32,4459.73,yes,53,98050,2023-08-30,93590.27
216,Customer_216,customer216@mail.com,storing,Sorghum,2024-06-18,2024-09-15,119,5950,89,57,20122.9,yes,35,208250,2024-09-15,188127.1
544,Customer_544,customer544@mail.com,stored,Maize,2023-01-17,2023-03-03,78,1950,45,43,5031.0,partial,33,64350,2023-03-03,59319.0
973,Customer_973,customer973@mail.com,storing,Barley,2023-06-13,2023-10-06,115,5750,115,44,19396.67,no,34,195500,2023-10-06,176103.33
1169,Customer_1169,customer1169@mail.com,storing,Rice,2023-05-21,2023-06-05,25,625,15,33,412.5,no,54,33750,2023-06-05,33337.5
1702,Customer_1702,customer1702@mail.com,sold,Millet,2024-07-31,2024-10-22,34,850,83,35,3292.33,no,29,0,2024-10-22,-3292.33
206,Customer_206,customer206@mail.com,storing,Sorghum,2023-01-21,2023-05-27,64,1600,126,40,10752.0,no,47,0,2023-05-27,-10752.0
720,Customer_720,customer720@mail.com,stored,Barley,2023-03-10,2023-04-26,48,2400,47,20,1504.0,no,27,0,2023-04-26,-1504.0
1872,Customer_1872,customer1872@mail.com,stored,Wheat,2023-12-25,2024-06-12,80,2000,170,20,9066.67,no,53,0,2024-06-12,-9066.67
1601,Customer_1601,customer1601@mail.com,sold,Millet,2023-03-28,2023-05-03,150,3750,36,43,7740.0,yes,29,108750,2023-05-03,101010.0
184,Customer_184,customer184@mail.com,sold,Millet,2024-04-22,2024-06-09,125,3125,48,35,7000.0,partial,51,159375,2024-06-09,152375.0
1775,Customer_1775,customer1775@mail.com,stored,Maize,2024-02-28,2024-04-03,144,3600,35,38,6384.0,no,35,0,2024-04-03,-6384.0
240,Customer_240,customer240@mail.com,stored,Millet,2023-04-22,2023-10-13,171,8550,174,45,44631.0,no,37,0,2023-10-13,-44631.0
1557,Customer_1557,customer1557@mail.com,sold,Maize,2024-08-06,2024-09-21,170,8500,46,44,11469.33,yes,54,0,2024-09-21,-11469.33
1329,Customer_1329,customer1329@mail.com,sold,Barley,2023-07-28,2023-10-27,157,7850,91,55,26192.83,no,39,0,2023-10-27,-26192.83
337,Customer_337,customer337@mail.com,stored,Wheat,2024-06-29,2024-12-01,85,2125,155,31,13614.17,partial,37,0,2024-12-01,-13614.17
625,Customer_625,customer625@mail.com,stored,Millet,2023-05-24,2023-06-14,163,4075,21,31,3537.1,partial,38,0,2023-06-14,-3537.1
740,Customer_740,customer740@mail.com,stored,Barley,2023-10-31,2024-02-05,127,3175,97,54,22174.2,partial,35,0,2024-02-05,-22174.2
938,Customer_938,customer938@mail.com,sold,Wheat,2024-08-03,2024-12-22,99,4950,141,47,21869.1,yes,31,153450,2024-12-22,131580.9
1347,Customer_1347,customer1347@mail.com,storing,Maize,2024-05-10,2024-08-03,171,8550,85,36,17442.0,yes,46,393300,2024-08-03,375858.0
1398,Customer_1398,customer1398@mail.com,stored,Maize,2023-03-12,2023-09-08,194,9700,180,20,23280.0,yes,31,0,2023-09-08,-23280.0
792,Customer_792,customer792@mail.com,stored,Maize,2023-10-23,2024-02-06,41,1025,106,46,6663.87,no,32,32800,2024-02-06,26136.13
692,Customer_692,customer692@mail.com,storing,Sorghum,2024-06-23,2024-12-12,187,4675,172,40,42885.33,partial,44,205700,2024-12-12,162814.67
1381,Customer_1381,customer1381@mail.com,sold,Millet,2024-07-27,2025-01-05,21,525,162,50,5670.0,yes,46,24150,2025-01-05,18480.0
1439,Customer_1439,customer1439@mail.com,stored,Maize,2024-07-24,2025-01-06,68,3400,166,28,10535.47,yes,35,119000,2025-01-06,108464.53
933,Customer_933,customer933@mail.com,sold,Sorghum,2023-09-29,2024-01-26,71,1775,119,60,16898.0,no,51,90525,2024-01-26,73627.0
1668,Customer_1668,customer1668@mail.com,storing,Rice,2023-10-23,2024-03-14,96,2400,143,57,26083.2,partial,55,132000,2024-03-14,105916.8
871,Customer_871,customer871@mail.com,stored,Maize,2023-09-09,2024-01-07,200,10000,120,60,48000.0,yes,32,0,2024-01-07,-48000.0
830,Customer_830,customer830@mail.com,sold,Rice,2023-09-22,2024-03-10,198,4950,170,59,66198.0,partial,34,168300,2024-03-10,102102.0
665,Customer_665,customer665@mail.com,sold,Maize,2024-08-16,2025-01-26,137,3425,163,43,32007.77,yes,33,113025,2025-01-26,81017.23
1880,Customer_1880,customer1880@mail.com,sold,Millet,2023-05-14,2023-06-13,67,3350,30,35,2345.0,partial,34,0,2023-06-13,-2345.0
690,Customer_690,customer690@mail.com,storing,Wheat,2023-07-18,2023-09-05,48,2400,49,54,4233.6,partial,30,72000,2023-09-05,67766.4
1138,Customer_1138,customer1138@mail.com,stored,Maize,2023-05-17,2023-10-04,53,2650,140,20,4946.67,partial,34,0,2023-10-04,-4946.67
1879,Customer_1879,customer1879@mail.com,storing,Barley,2024-08-10,2024-11-13,196,9800,95,45,27930.0,no,39,382200,2024-11-13,354270.0
144,Customer_144,customer144@mail.com,sold,Sorghum,2023-05-14,2023-07-29,187,4675,76,25,11843.33,partial,33,0,2023-07-29,-11843.33
997,Customer_997,customer997@mail.com,sold,Maize,2023-10-28,2023-12-29,197,9850,62,39,15878.2,yes,38,374300,2023-12-29,358421.8
470,Customer_470,customer470@mail.com,stored,Millet,2024-07-08,2024-08-29,13,650,52,32,721.07,partial,33,21450,2024-08-29,20728.93
1840,Customer_1840,customer1840@mail.com,storing,Barley,2024-02-24,2024-04-20,112,5600,56,49,10244.27,no,41,0,2024-04-20,-10244.27
995,Customer_995,customer995@mail.com,storing,Sorghum,2023-03-22,2023-04-29,95,2375,38,20,2406.67,no,43,102125,2023-04-29,99718.33
337,Customer_337,customer337@mail.com,stored,Rice,2024-02-23,2024-08-10,54,1350,169,35,10647.0,yes,52,0,2024-08-10,-10647.0
1546,Customer_1546,customer1546@mail.com,stored,Maize,2023-11-30,2024-03-01,169,4225,92,59,30577.73,partial,43,181675,2024-03-01,151097.27
1504,Customer_1504,customer1504@mail.com,stored,Barley,2024-03-17,2024-04-24,170,8500,38,60,12920.0,yes,39,331500,2024-04-24,318580.0
1299,Customer_1299,customer1299@mail.com,sold,Wheat,2023-06-08,2023-08-31,118,2950,84,45,14868.0,partial,40,0,2023-08-31,-14868.0
1367,Customer_1367,customer1367@mail.com,storing,Barley,2023-09-23,2023-11-06,15,375,44,37,814.0,yes,35,0,2023-11-06,-814.0
628,Customer_628,customer628@mail.com,stored,Sorghum,2024-04-04,2024-08-31,127,3175,149,45,28384.5,no,32,0,2024-08-31,-28384.5
1688,Customer_1688,customer1688@mail.com,stored,Maize,2024-02-28,2024-07-17,105,2625,140,44,21560.0,yes,41,0,2024-07-17,-21560.0
1931,Customer_1931,customer1931@mail.com,stored,Barley,2023-03-31,2023-08-22,114,5700,144,20,10944.0,no,44,250800,2023-08-22,239856.0
474,Customer_474,customer474@mail.com,stored,Barley,2023-01-11,2023-03-28,24,600,76,52,3161.6,no,46,27600,2023-03-28,24438.4
1596,Customer_1596,customer1596@mail.com,storing,Wheat,2023-05-07,2023-08-01,101,2525,86,55,15924.33,partial,34,85850,2023-08-01,69925.67
676,Customer_676,customer676@mail.com,sold,Rice,2023-12-09,2024-04-18,105,2625,131,24,11004.0,partial,49,0,2024-04-18,-11004.0
386,Customer_386,customer386@mail.com,stored,Wheat,2023-03-06,2023-08-30,34,1700,177,37,7422.2,no,27,45900,2023-08-30,38477.8
1348,Customer_1348,customer1348@mail.com,storing,Rice,2023-12-04,2024-02-26,169,4225,84,49,23186.8,yes,51,215475,2024-02-26,192288.2
1985,Customer_1985,customer1985@mail.com,storing,Sorghum,2024-01-14,2024-03-15,116,2900,61,49,11557.47,yes,39,0,2024-03-15,-11557.47
150,Customer_150,customer150@mail.com,storing,Rice,2023-04-28,2023-08-04,27,675,98,34,2998.8,partial,38,0,2023-08-04,-2998.8
1590,Customer_1590,customer1590@mail.com,storing,Millet,2024-01-26,2024-05-27,141,7050,122,56,32110.4,partial,33,0,2024-05-27,-32110.4
50,Customer_50,customer50@mail.com,sold,Rice,2023-06-26,2023-09-16,23,575,82,54,3394.8,no,28,16100,2023-09-16,12705.2
3,Customer_3,customer3@mail.com,storing,Rice,2023-08-26,2024-01-28,29,1450,155,33,4944.5,partial,47,0,2024-01-28,-4944.5
364,Customer_364,customer364@mail.com,stored,Millet,2023-03-24,2023-05-22,96,2400,59,32,6041.6,no,32,76800,2023-05-22,70758.4
1203,Customer_1203,customer1203@mail.com,sold,Barley,2024-03-09,2024-08-10,150,7500,154,40,30800.0,no,49,0,2024-08-10,-30800.0
1414,Customer_1414,customer1414@mail.com,sold,Maize,2024-07-07,2024-07-28,134,6700,21,24,2251.2,no,54,0,2024-07-28,-2251.2
1974,Customer_1974,customer1974@mail.com,sold,Wheat,2023-08-30,2023-12-02,47,1175,94,48,7068.8,yes,46,0,2023-12-02,-7068.8
190,Customer_190,customer190@mail.com,stored,Rice,2023-02-08,2023-03-06,145,7250,26,39,4901.0,no,45,0,2023-03-06,-4901.0
1902,Customer_1902,customer1902@mail.com,sold,Rice,2023-11-12,2024-02-09,56,2800,89,59,9801.87,yes,50,140000,2024-02-09,130198.13
1830,Customer_1830,customer1830@mail.com,storing,Barley,2023-09-03,2023-11-10,96,2400,68,33,7180.8,yes,41,98400,2023-11-10,91219.2
1009,Customer_1009,customer1009@mail.com,storing,Maize,2023-09-03,2024-01-21,13,650,140,21,1274.0,partial,44,0,2024-01-21,-1274.0
615,Customer_615,customer615@mail.com,storing,Maize,2023-01-08,2023-02-03,43,1075,26,36,1341.6,partial,34,36550,2023-02-03,35208.4
1929,Customer_1929,customer1929@mail.com,sold,Millet,2023-08-18,2024-02-06,168,8400,172,24,23116.8,yes,30,0,2024-02-06,-23116.8
843,Customer_843,customer843@mail.com,sold,Sorghum,2024-05-18,2024-08-29,96,4800,103,45,14832.0,partial,51,0,2024-08-29,-14832.0
890,Customer_890,customer890@mail.com,stored,Rice,2023-04-23,2023-07-18,65,3250,86,24,4472.0,no,50,0,2023-07-18,-4472.0
1017,Customer_1017,customer1017@mail.com,storing,Maize,2023-12-05,2024-03-13,21,1050,99,52,3603.6,yes,44,46200,2024-03-13,42596.4
1169,Customer_1169,customer1169@mail.com,storing,Sorghum,2024-03-06,2024-08-28,97,2425,175,40,22633.33,no,35,84875,2024-08-28,62241.67
1060,Customer_1060,customer1060@mail.com,stored,Millet,2023-11-22,2024-04-15,64,3200,145,37,11445.33,partial,52,166400,2024-04-15,154954.67
1093,Customer_1093,customer1093@mail.com,storing,Wheat,2023-08-31,2023-10-20,140,7000,50,40,9333.33,partial,42,294000,2023-10-20,284666.67
548,Customer_548,customer548@mail.com,stored,Barley,2024-08-08,2025-01-23,79,3950,168,43,19023.2,no,45,0,2025-01-23,-19023.2
1294,Customer_1294,customer1294@mail.com,storing,Sorghum,2023-03-03,2023-07-27,136,3400,146,21,13899.2,yes,37,0,2023-07-27,-13899.2
1584,Customer_1584,customer1584@mail.com,sold,Rice,2024-08-21,2024-10-11,73,3650,51,41,5088.1,yes,36,0,2024-10-11,-5088.1
516,Customer_516,customer516@mail.com,stored,Wheat,2024-01-15,2024-05-27,159,7950,133,38,26786.2,yes,35,0,2024-05-27,-26786.2
1088,Customer_1088,customer1088@mail.com,sold,Wheat,2023-02-22,2023-03-16,199,9950,22,23,3356.47,yes,50,497500,2023-03-16,494143.53
1108,Customer_1108,customer1108@mail.com,storing,Barley,2024-07-07,2024-09-20,69,3450,75,58,10005.0,no,45,155250,2024-09-20,145245.0
1752,Customer_1752,customer1752@mail.com,sold,Millet,2024-07-30,2025-01-13,150,3750,167,20,16700.0,partial,38,142500,2025-01-13,125800.0
412,Customer_412,customer412@mail.com,storing,Wheat,2024-07-14,2024-11-06,117,5850,115,40,17940.0,no,46,269100,2024-11-06,251160.0
718,Customer_718,customer718@mail.com,sold,Wheat,2023-08-26,2023-11-06,184,9200,72,28,12364.8,yes,46,423200,2023-11-06,410835.2
67,Customer_67,customer67@mail.com,sold,Millet,2024-04-07,2024-06-05,147,3675,59,34,9829.4,partial,43,0,2024-06-05,-9829.4
136,Customer_136,customer136@mail.com,sold,Millet,2023-01-23,2023-07-20,77,1925,178,53,24213.93,no,34,65450,2023-07-20,41236.07
1677,Customer_1677,customer1677@mail.com,stored,Wheat,2023-05-15,2023-09-20,138,3450,128,22,12953.6,yes,30,0,2023-09-20,-12953.6
1146,Customer_1146,customer1146@mail.com,sold,Millet,2024-02-19,2024-03-26,76,1900,36,23,2097.6,partial,44,0,2024-03-26,-2097.6
1877,Customer_1877,customer1877@mail.com,storing,Barley,2024-01-29,2024-04-16,55,2750,78,39,5577.0,yes,51,0,2024-04-16,-5577.0
31,Customer_31,customer31@mail.com,stored,Rice,2023-03-11,2023-09-05,75,3750,178,56,24920.0,no,45,168750,2023-09-05,143830.0
1133,Customer_1133,customer1133@mail.com,storing,Maize,2023-10-14,2023-11-14,51,2550,31,41,2160.7,yes,26,66300,2023-11-14,64139.3
916,Customer_916,customer916@mail.com,stored,Wheat,2024-03-25,2024-04-30,69,1725,36,45,3726.0,no,33,0,2024-04-30,-3726.0
1689,Customer_1689,customer1689@mail.com,sold,Rice,2023-05-08,2023-09-17,45,1125,132,52,10296.0,yes,49,0,2023-09-17,-10296.0
214,Customer_214,customer214@mail.com,storing,Maize,2023-04-27,2023-08-21,52,2600,116,52,10455.47,yes,47,122200,2023-08-21,111744.53
1186,Customer_1186,customer1186@mail.com,stored,Sorghum,2024-03-28,2024-08-23,128,6400,148,48,30310.4,no,39,0,2024-08-23,-30310.4
40,Customer_40,customer40@mail.com,stored,Maize,2023-09-14,2024-02-22,135,6750,161,60,43470.0,yes,27,182250,2024-02-22,138780.0
193,Customer_193,customer193@mail.com,storing,Barley,2023-04-13,2023-10-10,171,4275,180,24,24624.0,yes,41,0,2023-10-10,-24624.0
1630,Customer_1630,customer1630@mail.com,storing,Millet,2023-08-06,2023-11-08,25,625,94,57,4465.0,partial,28,17500,2023-11-08,13035.0
457,Customer_457,customer457@mail.com,sold,Sorghum,2023-04-14,2023-09-04,172,4300,143,34,27875.47,no,30,129000,2023-09-04,101124.53
1836,Customer_1836,customer1836@mail.com,storing,Sorghum,2023-11-13,2023-11-25,67,1675,12,53,1420.4,no,30,50250,2023-11-25,48829.6
499,Customer_499,customer499@mail.com,stored,Wheat,2024-02-27,2024-05-21,161,4025,84,25,11270.0,yes,46,185150,2024-05-21,173880.0
1667,Customer_1667,customer1667@mail.com,stored,Wheat,2023-05-03,2023-09-24,152,3800,144,26,18969.6,partial,35,133000,2023-09-24,114030.4
1973,Customer_1973,customer1973@mail.com,stored,Rice,2023-11-15,2024-01-29,109,2725,75,52,14170.0,no,44,0,2024-01-29,-14170.0
947,Customer_947,customer947@mail.com,storing,Maize,2024-08-21,2024-12-03,15,750,104,29,1508.0,no,34,25500,2024-12-03,23992.0
1881,Customer_1881,customer1881@mail.com,storing,Rice,2024-04-24,2024-06-18,131,6550,55,30,7205.0,yes,42,275100,2024-06-18,267895.0
943,Customer_943,customer943@mail.com,stored,Sorghum,2023-03-08,2023-06-15,29,1450,99,52,4976.4,no,36,52200,2023-06-15,47223.6
1757,Customer_1757,customer1757@mail.com,sold,Rice,2023-02-25,2023-07-29,81,2025,154,28,11642.4,partial,36,72900,2023-07-29,61257.6
684,Customer_684,customer684@mail.com,stored,Millet,2023-10-17,2024-01-20,87,2175,95,29,7989.5,no,32,69600,2024-01-20,61610.5
1723,Customer_1723,customer1723@mail.com,sold,Sorghum,2023-01-06,2023-07-05,109,2725,180,42,27468.0,yes,53,144425,2023-07-05,116957.0
1831,Customer_1831,customer1831@mail.com,stored,Barley,2023-10-12,2024-01-11,86,2150,91,59,15391.13,partial,31,66650,2024-01-11,51258.87
291,Customer_291,customer291@mail.com,sold,Sorghum,2024-03-20,2024-03-31,82,4100,11,26,781.73,partial,36,147600,2024-03-31,146818.27
529,Customer_529,customer529@mail.com,sold,Sorghum,2023-05-03,2023-06-11,98,4900,39,23,2930.2,partial,28,137200,2023-06-11,134269.8
151,Customer_151,customer151@mail.com,stored,Wheat,2024-06-05,2024-11-19,66,1650,167,31,11389.4,yes,40,0,2024-11-19,-11389.4
53,Customer_53,customer53@mail.com,storing,Maize,2024-06-29,2024-09-06,198,4950,69,29,13206.6,yes,48,0,2024-09-06,-13206.6
1506,Customer_1506,customer1506@mail.com,sold,Maize,2023-05-31,2023-10-14,11,275,136,39,1944.8,partial,41,0,2023-10-14,-1944.8
790,Customer_790,customer790@mail.com,sold,Millet,2024-08-03,2024-09-10,146,7300,38,49,9061.73,yes,47,343100,2024-09-10,334038.27
758,Customer_758,customer758@mail.com,storing,Rice,2023-03-10,2023-08-02,32,800,145,56,8661.33,partial,36,28800,2023-08-02,20138.67
48,Customer_48,customer48@mail.com,stored,Sorghum,2024-03-27,2024-05-14,96,2400,48,34,5222.4,no,41,0,2024-05-14,-5222.4
677,Customer_677,customer677@mail.com,sold,Millet,2024-04-07,2024-09-28,100,2500,174,36,20880.0,yes,47,117500,2024-09-28,96620.0
1882,Customer_1882,customer1882@mail.com,storing,Rice,2023-11-13,2024-03-30,131,6550,138,35,21091.0,partial,29,0,2024-03-30,-21091.0
1139,Customer_1139,customer1139@mail.com,sold,Maize,2024-08-18,2024-11-11,178,4450,85,42,21182.0,no,35,155750,2024-11-11,134568.0
78,Customer_78,customer78@mail.com,stored,Wheat,2023-02-26,2023-03-21,109,5450,23,60,5014.0,yes,54,294300,2023-03-21,289286.0
1343,Customer_1343,customer1343@mail.com,storing,Barley,2023-12-01,2024-03-11,171,4275,101,36,20725.2,yes,51,218025,2024-03-11,197299.8
590,Customer_590,customer590@mail.com,stored,Rice,2024-04-14,2024-05-22,95,2375,38,58,6979.33,partial,28,66500,2024-05-22,59520.67
820,Customer_820,customer820@mail.com,storing,Rice,2024-01-28,2024-02-13,100,2500,16,26,1386.67,yes,38,0,2024-02-13,-1386.67
183,Customer_183,customer183@mail.com,storing,Barley,2024-05-05,2024-07-02,19,950,58,59,2167.27,yes,55,52250,2024-07-02,50082.73
694,Customer_694,customer694@mail.com,storing,Rice,2023-10-05,2023-12-31,147,7350,87,31,13215.3,partial,33,242550,2023-12-31,229334.7
945,Customer_945,customer945@mail.com,storing,Millet,2024-07-10,2024-10-21,99,2475,103,25,8497.5,partial,36,89100,2024-10-21,80602.5
824,Customer_824,customer824@mail.com,sold,Rice,2023-01-20,2023-05-29,76,3800,129,35,11438.0,partial,37,0,2023-05-29,-11438.0
261,Customer_261,customer261@mail.com,storing,Maize,2024-04-02,2024-04-18,26,650,16,51,707.2,partial,37,24050,2024-04-18,23342.8
844,Customer_844,customer844@mail.com,sold,Wheat,2024-07-26,2024-10-09,50,2500,75,46,5750.0,partial,26,65000,2024-10-09,59250.0
1488,Customer_1488,customer1488@mail.com,stored,Sorghum,2024-01-18,2024-04-19,87,4350,92,47,12539.6,yes,41,0,2024-04-19,-12539.6
29,Customer_29,customer29@mail.com,sold,Maize,2023-02-10,2023-03-17,167,4175,35,36,7014.0,no,36,0,2023-03-17,-7014.0
408,Customer_408,customer408@mail.com,stored,Wheat,2023-02-28,2023-03-23,67,1675,23,24,1232.8,yes,54,0,2023-03-23,-1232.8
907,Customer_907,customer907@mail.com,sold,Wheat,2023-08-21,2023-09-28,49,1225,38,36,2234.4,no,54,66150,2023-09-28,63915.6
33,Customer_33,customer33@mail.com,storing,Maize,2023-02-13,2023-06-09,39,1950,116,26,3920.8,no,34,66300,2023-06-09,62379.2
1976,Customer_1976,customer1976@mail.com,sold,Wheat,2023-05-01,2023-09-13,54,2700,135,26,6318.0,yes,30,81000,2023-09-13,74682.0
549,Customer_549,customer549@mail.com,storing,Maize,2023-02-26,2023-05-12,91,4550,75,60,13650.0,no,30,0,2023-05-12,-13650.0
546,Customer_546,customer546@mail.com,sold,Maize,2023-11-04,2024-01-30,114,5700,87,45,14877.0,yes,45,0,2024-01-30,-14877.0
1402,Customer_1402,customer1402@mail.com,sold,Barley,2024-01-23,2024-02-15,80,4000,23,45,2760.0,partial,32,0,2024-02-15,-2760.0
326,Customer_326,customer326@mail.com,stored,Millet,2024-05-28,2024-06-13,13,650,16,47,325.87,partial,44,28600,2024-06-13,28274.13
1873,Customer_1873,customer1873@mail.com,sold,Wheat,2023-05-13,2023-10-01,114,5700,141,43,23039.4,no,44,0,2023-10-01,-23039.4
1538,Customer_1538,customer1538@mail.com,stored,Barley,2024-06-19,2024-11-28,131,6550,162,52,36784.8,yes,27,176850,2024-11-28,140065.2
1025,Customer_1025,customer1025@mail.com,storing,Barley,2024-04-10,2024-07-19,93,4650,100,23,7130.0,yes,54,0,2024-07-19,-7130.0
1436,Customer_1436,customer1436@mail.com,stored,Maize,2023-05-01,2023-09-15,54,1350,137,28,6904.8,partial,35,47250,2023-09-15,40345.2
1948,Customer_1948,customer1948@mail.com,storing,Sorghum,2023-12-23,2024-04-03,37,1850,102,44,5535.2,yes,36,0,2024-04-03,-5535.2
431,Customer_431,customer431@mail.com,stored,Maize,2024-01-01,2024-05-31,26,650,151,36,4711.2,partial,46,29900,2024-05-31,25188.8
796,Customer_796,customer796@mail.com,storing,Sorghum,2023-05-29,2023-09-07,150,7500,101,44,22220.0,yes,25,187500,2023-09-07,165280.0
1618,Customer_1618,customer1618@mail.com,stored,Sorghum,2024-01-15,2024-03-27,20,1000,72,57,2736.0,yes,41,41000,2024-03-27,38264.0
1530,Customer_1530,customer1530@mail.com,storing,Barley,2023-01-14,2023-03-22,19,950,67,39,1654.9,yes,53,50350,2023-03-22,48695.1
39,Customer_39,customer39@mail.com,stored,Barley,2024-04-19,2024-09-08,195,4875,142,21,19383.0,partial,29,0,2024-09-08,-19383.0
131,Customer_131,customer131@mail.com,sold,Wheat,2023-08-09,2023-09-08,154,3850,30,23,3542.0,no,46,177100,2023-09-08,173558.0
1033,Customer_1033,customer1033@mail.com,storing,Wheat,2024-06-06,2024-09-05,69,3450,91,22,4604.6,partial,32,0,2024-09-05,-4604.6
1027,Customer_1027,customer1027@mail.com,sold,Rice,2024-03-08,2024-03-26,30,1500,18,51,918.0,no,49,0,2024-03-26,-918.0
1580,Customer_1580,customer1580@mail.com,storing,Sorghum,2024-01-10,2024-04-01,27,1350,82,32,2361.6,yes,42,0,2024-04-01,-2361.6
1909,Customer_1909,customer1909@mail.com,sold,Rice,2024-01-27,2024-05-23,125,3125,117,28,13650.0,yes,29,0,2024-05-23,-13650.0
1302,Customer_1302,customer1302@mail.com,storing,Wheat,2023-05-28,2023-09-19,129,3225,114,48,23529.6,partial,30,0,2023-09-19,-23529.6
187,Customer_187,customer187@mail.com,sold,Maize,2023-07-03,2023-08-20,36,900,48,28,1612.8,partial,51,0,2023-08-20,-1612.8
1639,Customer_1639,customer1639@mail.com,storing,Wheat,2024-02-11,2024-04-05,83,2075,54,59,8814.6,no,30,62250,2024-04-05,53435.4
538,Customer_538,customer538@mail.com,storing,Barley,2024-01-18,2024-02-10,135,6750,23,29,3001.5,yes,30,0,2024-02-10,-3001.5
934,Customer_934,customer934@mail.com,sold,Maize,2024-04-06,2024-05-20,169,4225,44,30,7436.0,yes,34,143650,2024-05-20,136214.0
1296,Customer_1296,customer1296@mail.com,storing,Millet,2024-02-06,2024-02-19,151,7550,13,53,3467.97,partial,48,0,2024-02-19,-3467.97
1608,Customer_1608,customer1608@mail.com,sold,Barley,2023-01-24,2023-05-12,50,2500,108,56,10080.0,yes,53,132500,2023-05-12,122420.0
1482,Customer_1482,customer1482@mail.com,sold,Rice,2024-01-09,2024-04-04,68,3400,86,33,6432.8,yes,50,170000,2024-04-04,163567.2
551,Customer_551,customer551@mail.com,sold,Barley,2023-07-30,2024-01-15,131,3275,169,29,21401.03,no,33,108075,2024-01-15,86673.97
684,Customer_684,customer684@mail.com,stored,Sorghum,2024-01-23,2024-06-17,151,3775,146,34,24985.47,no,45,0,2024-06-17,-24985.47
1242,Customer_1242,customer1242@mail.com,sold,Maize,2024-07-21,2024-11-27,42,2100,129,36,6501.6,partial,48,100800,2024-11-27,94298.4
150,Customer_150,customer150@mail.com,storing,Sorghum,2024-07-14,2024-10-31,112,2800,109,60,24416.0,no,40,112000,2024-10-31,87584.0
308,Customer_308,customer308@mail.com,sold,Rice,2023-01-03,2023-01-24,84,4200,21,31,1822.8,yes,33,0,2023-01-24,-1822.8
904,Customer_904,customer904@mail.com,sold,Maize,2023-01-01,2023-05-17,128,3200,136,42,24371.2,partial,26,0,2023-05-17,-24371.2
995,Customer_995,customer995@mail.com,storing,Barley,2024-01-10,2024-05-29,87,2175,140,35,14210.0,no,37,80475,2024-05-29,66265.0
551,Customer_551,customer551@mail.com,sold,Wheat,2023-01-09,2023-02-22,13,325,44,38,724.53,partial,51,0,2023-02-22,-724.53
973,Customer_973,customer973@mail.com,storing,Barley,2023-07-31,2023-12-10,78,1950,132,38,13041.6,no,52,101400,2023-12-10,88358.4
1016,Customer_1016,customer1016@mail.com,sold,Millet,2023-08-15,2023-10-22,99,4950,68,54,12117.6,no,55,272250,2023-10-22,260132.4
1841,Customer_1841,customer1841@mail.com,sold,Millet,2024-05-14,2024-10-05,19,950,144,42,3830.4,yes,34,32300,2024-10-05,28469.6
272,Customer_272,customer272@mail.com,sold,Millet,2023-07-02,2023-11-13,27,1350,134,28,3376.8,yes,45,0,2023-11-13,-3376.8
109,Customer_109,customer109@mail.com,stored,Sorghum,2023-12-05,2024-05-16,198,9900,163,22,23667.6,yes,41,0,2024-05-16,-23667.6
713,Customer_713,customer713@mail.com,storing,Maize,2023-11-30,2024-05-06,154,7700,158,34,27576.27,no,26,200200,2024-05-06,172623.73
728,Customer_728,customer728@mail.com,storing,Millet,2023-01-15,2023-06-26,188,9400,162,60,60912.0,partial,37,0,2023-06-26,-60912.0
1645,Customer_1645,customer1645@mail.com,stored,Sorghum,2023-12-02,2024-03-29,112,2800,118,44,19383.47,partial,33,0,2024-03-29,-19383.47
1090,Customer_1090,customer1090@mail.com,sold,Sorghum,2023-04-07,2023-06-11,100,2500,65,27,5850.0,partial,31,0,2023-06-11,-5850.0
1169,Customer_1169,customer1169@mail.com,sold,Wheat,2023-05-26,2023-10-22,95,2375,149,21,9908.5,no,40,95000,2023-10-22,85091.5
1212,Customer_1212,customer1212@mail.com,stored,Millet,2024-06-26,2024-08-05,101,5050,40,43,5790.67,partial,49,0,2024-08-05,-5790.67
89,Customer_89,customer89@mail.com,sold,Millet,2023-12-22,2024-05-18,167,4175,148,28,23068.27,no,35,0,2024-05-18,-23068.27
1745,Customer_1745,customer1745@mail.com,storing,Millet,2023-05-01,2023-06-18,38,1900,48,55,3344.0,yes,33,62700,2023-06-18,59356.0
174,Customer_174,customer174@mail.com,stored,Barley,2023-07-15,2023-10-12,46,1150,89,29,3957.53,partial,46,0,2023-10-12,-3957.53
1657,Customer_1657,customer1657@mail.com,sold,Rice,2023-06-29,2023-12-03,146,3650,157,28,21393.87,yes,50,0,2023-12-03,-21393.87
1675,Customer_1675,customer1675@mail.com,stored,Barley,2024-03-01,2024-03-19,74,3700,18,54,2397.6,no,36,133200,2024-03-19,130802.4
681,Customer_681,customer681@mail.com,storing,Maize,2023-04-07,2023-08-28,166,4150,143,35,27694.33,partial,50,207500,2023-08-28,179805.67
493,Customer_493,customer493@mail.com,stored,Maize,2024-02-16,2024-07-30,108,5400,165,44,26136.0,no,51,0,2024-07-30,-26136.0
1769,Customer_1769,customer1769@mail.com,storing,Wheat,2023-09-28,2023-11-28,198,4950,61,40,16104.0,yes,45,0,2023-11-28,-16104.0
1145,Customer_1145,customer1145@mail.com,storing,Maize,2023-11-21,2024-01-12,176,4400,52,33,10067.2,partial,27,0,2024-01-12,-10067.2
1833,Customer_1833,customer1833@mail.com,stored,Rice,2023-03-24,2023-05-07,96,2400,44,21,2956.8,partial,28,67200,2023-05-07,64243.2
190,Customer_190,customer190@mail.com,stored,Wheat,2024-04-19,2024-09-21,121,6050,155,48,30008.0,partial,52,0,2024-09-21,-30008.0
570,Customer_570,customer570@mail.com,storing,Wheat,2023-06-07,2023-10-20,130,6500,135,42,24570.0,partial,39,0,2023-10-20,-24570.0
615,Customer_615,customer615@mail.com,stored,Rice,2024-06-11,2024-11-29,181,9050,171,31,31982.7,yes,47,425350,2024-11-29,393367.3
48,Customer_48,customer48@mail.com,storing,Sorghum,2023-03-23,2023-05-29,157,3925,67,43,15077.23,no,51,0,2023-05-29,-15077.23
1914,Customer_1914,customer1914@mail.com,sold,Millet,2024-02-22,2024-05-18,124,3100,86,55,19550.67,no,40,0,2024-05-18,-19550.67
891,Customer_891,customer891@mail.com,storing,Millet,2023-04-01,2023-05-10,108,2700,39,25,3510.0,partial,45,121500,2023-05-10,117990.0
1602,Customer_1602,customer1602@mail.com,sold,Wheat,2023-01-04,2023-04-04,119,5950,90,36,12852.0,no,45,267750,2023-04-04,254898.0
1358,Customer_1358,customer1358@mail.com,storing,Millet,2023-02-19,2023-03-31,190,9500,40,31,7853.33,partial,47,0,2023-03-31,-7853.33
1980,Customer_1980,customer1980@mail.com,storing,Millet,2024-03-30,2024-09-19,73,3650,173,59,24837.03,yes,51,186150,2024-09-19,161312.97
1962,Customer_1962,customer1962@mail.com,stored,Rice,2024-04-24,2024-08-20,86,2150,118,54,18266.4,partial,31,0,2024-08-20,-18266.4
793,Customer_793,customer793@mail.com,sold,Millet,2024-04-12,2024-08-08,94,4700,118,28,10352.53,yes,53,0,2024-08-08,-10352.53
527,Customer_527,customer527@mail.com,sold,Sorghum,2023-08-25,2023-10-02,62,3100,38,38,2984.27,yes,27,0,2023-10-02,-2984.27
1068,Customer_1068,customer1068@mail.com,sold,Barley,2024-08-14,2024-11-02,196,9800,80,42,21952.0,yes,28,274400,2024-11-02,252448.0
6,Customer_6,customer6@mail.com,stored,Rice,2024-04-12,2024-06-17,151,3775,66,37,12291.4,yes,43,162325,2024-06-17,150033.6
310,Customer_310,customer310@mail.com,storing,Wheat,2024-04-06,2024-05-26,50,1250,50,57,4750.0,no,44,0,2024-05-26,-4750.0
62,Customer_62,customer62@mail.com,stored,Millet,2023-04-03,2023-08-16,157,7850,135,40,28260.0,no,30,0,2023-08-16,-28260.0
1315,Customer_1315,customer1315@mail.com,sold,Wheat,2024-01-17,2024-02-09,176,4400,23,57,7691.2,yes,34,149600,2024-02-09,141908.8
1654,Customer_1654,customer1654@mail.com,sold,Barley,2023-03-22,2023-04-06,153,7650,15,23,1759.5,no,40,306000,2023-04-06,304240.5
636,Customer_636,customer636@mail.com,storing,Millet,2024-07-16,2024-07-28,46,2300,12,31,570.4,partial,40,92000,2024-07-28,91429.6
120,Customer_120,customer120@mail.com,stored,Wheat,2024-05-30,2024-10-28,107,2675,151,50,26928.33,no,38,101650,2024-10-28,74721.67
1228,Customer_1228,customer1228@mail.com,stored,Wheat,2023-05-04,2023-06-27,176,8800,54,60,19008.0,no,29,0,2023-06-27,-19008.0
1718,Customer_1718,customer1718@mail.com,stored,Millet,2024-04-17,2024-09-15,173,8650,151,39,33959.9,partial,52,449800,2024-09-15,415840.1
57,Customer_57,customer57@mail.com,stored,Sorghum,2024-07-23,2025-01-03,71,3550,164,57,22123.6,partial,40,142000,2025-01-03,119876.4
570,Customer_570,customer570@mail.com,sold,Wheat,2024-05-20,2024-07-11,47,2350,52,54,4399.2,yes,45,0,2024-07-11,-4399.2
1757,Customer_1757,customer1757@mail.com,storing,Rice,2023-05-11,2023-10-07,186,4650,149,29,26790.2,no,33,0,2023-10-07,-26790.2
1581,Customer_1581,customer1581@mail.com,storing,Millet,2023-04-29,2023-09-27,82,2050,151,40,16509.33,yes,32,0,2023-09-27,-16509.33
1275,Customer_1275,customer1275@mail.com,stored,Rice,2023-09-21,2023-11-11,163,4075,51,51,14132.1,no,42,171150,2023-11-11,157017.9
317,Customer_317,customer317@mail.com,sold,Wheat,2024-07-17,2024-11-30,69,1725,136,28,8758.4,no,27,46575,2024-11-30,37816.6
136,Customer_136,customer136@mail.com,sold,Millet,2023-06-01,2023-07-06,30,750,35,31,1085.0,yes,54,40500,2023-07-06,39415.0
89,Customer_89,customer89@mail.com,sold,Rice,2023-06-16,2023-07-04,130,6500,18,30,2340.0,partial,31,0,2023-07-04,-2340.0
1849,Customer_1849,customer1849@mail.com,storing,Maize,2023-02-02,2023-06-23,86,2150,141,44,17784.8,yes,34,73100,2023-06-23,55315.2
1336,Customer_1336,customer1336@mail.com,stored,Barley,2023-01-05,2023-04-22,102,5100,107,23,8367.4,yes,35,0,2023-04-22,-8367.4
1974,Customer_1974,customer1974@mail.com,stored,Maize,2023-11-05,2023-12-07,57,1425,32,43,2614.4,partial,45,64125,2023-12-07,61510.6
1774,Customer_1774,customer1774@mail.com,sold,Wheat,2023-01-19,2023-02-27,29,725,39,51,1922.7,partial,33,23925,2023-02-27,22002.3
1586,Customer_1586,customer1586@mail.com,stored,Wheat,2023-08-15,2023-10-31,48,2400,77,50,6160.0,partial,52,124800,2023-10-31,118640.0
1536,Customer_1536,customer1536@mail.com,storing,Barley,2023-06-04,2023-11-29,69,3450,178,23,9416.2,partial,35,0,2023-11-29,-9416.2
635,Customer_635,customer635@mail.com,stored,Rice,2023-07-18,2023-08-21,170,8500,34,58,11174.67,no,44,374000,2023-08-21,362825.33
946,Customer_946,customer946@mail.com,storing,Sorghum,2023-11-30,2023-12-12,171,4275,12,46,3146.4,no,46,196650,2023-12-12,193503.6
1751,Customer_1751,customer1751@mail.com,storing,Wheat,2024-04-14,2024-08-14,112,5600,122,34,15485.87,partial,50,0,2024-08-14,-15485.87
986,Customer_986,customer986@mail.com,storing,Maize,2024-05-16,2024-07-27,67,1675,72,39,6271.2,yes,31,51925,2024-07-27,45653.8
1495,Customer_1495,customer1495@mail.com,sold,Barley,2024-08-13,2024-11-27,26,1300,106,46,4225.87,yes,53,68900,2024-11-27,64674.13
1451,Customer_1451,customer1451@mail.com,sold,Rice,2023-08-20,2023-09-17,77,1925,28,21,1509.2,no,54,0,2023-09-17,-1509.2
108,Customer_108,customer108@mail.com,stored,Rice,2023-11-10,2023-12-01,182,4550,21,43,5478.2,partial,39,177450,2023-12-01,171971.8
1264,Customer_1264,customer1264@mail.com,stored,Barley,2024-06-03,2024-06-27,130,3250,24,49,5096.0,no,46,0,2024-06-27,-5096.0
765,Customer_765,customer765@mail.com,sold,Sorghum,2023-04-04,2023-09-01,159,7950,150,25,19875.0,partial,46,0,2023-09-01,-19875.0
661,Customer_661,customer661@mail.com,sold,Barley,2024-01-19,2024-06-11,22,550,144,43,4540.8,partial,48,26400,2024-06-11,21859.2
1273,Customer_1273,customer1273@mail.com,sold,Barley,2023-03-08,2023-04-05,56,1400,28,51,2665.6,no,51,71400,2023-04-05,68734.4
407,Customer_407,customer407@mail.com,stored,Rice,2024-08-20,2024-12-21,43,2150,123,28,4936.4,no,46,0,2024-12-21,-4936.4
1465,Customer_1465,customer1465@mail.com,stored,Millet,2024-01-17,2024-06-18,47,1175,153,28,6711.6,no,35,0,2024-06-18,-6711.6
365,Customer_365,customer365@mail.com,storing,Barley,2023-11-27,2024-03-14,16,800,108,23,1324.8,no,42,33600,2024-03-14,32275.2
1797,Customer_1797,customer1797@mail.com,stored,Wheat,2023-06-09,2023-10-14,142,3550,127,40,24045.33,partial,34,120700,2023-10-14,96654.67
496,Customer_496,customer496@mail.com,storing,Maize,2023-09-27,2023-10-26,81,2025,29,59,4619.7,partial,35,70875,2023-10-26,66255.3
1361,Customer_1361,customer1361@mail.com,storing,Rice,2024-05-20,2024-06-27,164,4100,38,45,9348.0,yes,33,0,2024-06-27,-9348.0
847,Customer_847,customer847@mail.com,stored,Maize,2024-01-14,2024-06-05,157,3925,143,33,24696.1,partial,31,121675,2024-06-05,96978.9
697,Customer_697,customer697@mail.com,storing,Rice,2024-01-06,2024-05-22,28,700,137,20,2557.33,no,42,0,2024-05-22,-2557.33
1208,Customer_1208,customer1208@mail.com,storing,Maize,2023-05-17,2023-06-22,64,3200,36,40,3072.0,yes,46,147200,2023-06-22,144128.0
1612,Customer_1612,customer1612@mail.com,stored,Wheat,2023-10-03,2023-11-03,140,3500,31,29,4195.33,no,54,189000,2023-11-03,184804.67
1679,Customer_1679,customer1679@mail.com,stored,Wheat,2023-08-03,2024-01-03,44,2200,153,42,9424.8,no,36,0,2024-01-03,-9424.8
340,Customer_340,customer340@mail.com,storing,Barley,2024-07-12,2024-12-01,126,3150,142,43,25645.2,partial,26,81900,2024-12-01,56254.8
1711,Customer_1711,customer1711@mail.com,sold,Barley,2023-08-21,2023-11-19,191,9550,90,36,20628.0,partial,53,506150,2023-11-19,485522.0
403,Customer_403,customer403@mail.com,storing,Millet,2023-01-08,2023-05-27,37,1850,139,45,7714.5,yes,30,0,2023-05-27,-7714.5
911,Customer_911,customer911@mail.com,stored,Barley,2024-06-21,2024-12-09,66,1650,171,38,14295.6,yes,39,0,2024-12-09,-14295.6
765,Customer_765,customer765@mail.com,sold,Barley,2024-06-21,2024-09-15,12,300,86,49,1685.6,yes,37,11100,2024-09-15,9414.4
201,Customer_201,customer201@mail.com,stored,Wheat,2023-06-06,2023-06-16,109,2725,10,51,1853.0,yes,29,79025,2023-06-16,77172.0
133,Customer_133,customer133@mail.com,sold,Wheat,2023-06-01,2023-07-05,78,1950,34,28,2475.2,yes,38,74100,2023-07-05,71624.8
1515,Customer_1515,customer1515@mail.com,sold,Wheat,2024-02-11,2024-06-12,88,2200,122,56,20040.53,yes,26,57200,2024-06-12,37159.47
1964,Customer_1964,customer1964@mail.com,stored,Sorghum,2023-12-14,2024-02-15,196,4900,63,51,20991.6,yes,33,161700,2024-02-15,140708.4
1630,Customer_1630,customer1630@mail.com,stored,Maize,2023-04-05,2023-06-11,146,7300,67,28,9129.87,partial,42,0,2023-06-11,-9129.87
233,Customer_233,customer233@mail.com,stored,Maize,2023-03-27,2023-08-28,49,2450,154,48,12073.6,partial,52,0,2023-08-28,-12073.6
1581,Customer_1581,customer1581@mail.com,sold,Rice,2024-07-23,2024-11-15,102,5100,115,50,19550.0,yes,35,0,2024-11-15,-19550.0
1149,Customer_1149,customer1149@mail.com,storing,Maize,2023-05-24,2023-09-28,97,2425,127,48,19710.4,no,55,0,2023-09-28,-19710.4
1978,Customer_1978,customer1978@mail.com,storing,Barley,2024-05-22,2024-08-09,152,3800,79,33,13208.8,no,29,110200,2024-08-09,96991.2
1451,Customer_1451,customer1451@mail.com,sold,Maize,2024-02-11,2024-06-21,73,3650,131,23,7331.63,yes,48,0,2024-06-21,-7331.63
880,Customer_880,customer880@mail.com,stored,Barley,2024-05-12,2024-11-02,82,2050,174,35,16646.0,partial,39,79950,2024-11-02,63304.0
754,Customer_754,customer754@mail.com,stored,Maize,2023-11-01,2024-03-07,47,2350,127,34,6764.87,no,55,0,2024-03-07,-6764.87
1166,Customer_1166,customer1166@mail.com,storing,Wheat,2023-05-31,2023-11-14,148,7400,167,52,42841.07,partial,45,333000,2023-11-14,290158.93
567,Customer_567,customer567@mail.com,storing,Barley,2023-03-28,2023-09-15,180,9000,171,56,57456.0,no,45,405000,2023-09-15,347544.0
1589,Customer_1589,customer1589@mail.com,sold,Maize,2023-07-15,2023-09-03,45,1125,50,44,3300.0,yes,47,52875,2023-09-03,49575.0
763,Customer_763,customer763@mail.com,sold,Barley,2024-05-24,2024-06-23,147,3675,30,35,5145.0,no,48,176400,2024-06-23,171255.0
840,Customer_840,customer840@mail.com,storing,Wheat,2024-04-16,2024-08-08,144,3600,114,46,25171.2,partial,37,133200,2024-08-08,108028.8
1518,Customer_1518,customer1518@mail.com,storing,Sorghum,2023-04-30,2023-10-26,165,4125,179,28,27566.0,partial,52,214500,2023-10-26,186934.0
726,Customer_726,customer726@mail.com,stored,Maize,2023-05-14,2023-11-06,136,6800,176,30,23936.0,partial,37,0,2023-11-06,-23936.0
380,Customer_380,customer380@mail.com,sold,Sorghum,2023-10-09,2024-02-26,34,1700,140,20,3173.33,partial,39,0,2024-02-26,-3173.33
868,Customer_868,customer868@mail.com,stored,Wheat,2023-10-28,2024-03-18,183,4575,142,59,51105.8,no,45,0,2024-03-18,-51105.8
1653,Customer_1653,customer1653@mail.com,stored,Maize,2023-07-21,2023-07-31,52,1300,10,45,780.0,yes,48,62400,2023-07-31,61620.0
1691,Customer_1691,customer1691@mail.com,storing,Sorghum,2023-04-18,2023-07-21,38,950,94,42,5000.8,no,37,0,2023-07-21,-5000.8
924,Customer_924,customer924@mail.com,sold,Maize,2023-01-18,2023-03-14,40,1000,55,44,3226.67,partial,30,0,2023-03-14,-3226.67
1137,Customer_1137,customer1137@mail.com,stored,Wheat,2023-11-21,2024-04-09,37,1850,140,30,5180.0,partial,48,88800,2024-04-09,83620.0
1815,Customer_1815,customer1815@mail.com,storing,Rice,2024-06-07,2024-11-03,146,7300,149,29,21028.87,partial,30,0,2024-11-03,-21028.87
844,Customer_844,customer844@mail.com,sold,Maize,2024-04-18,2024-09-02,193,9650,137,52,45831.07,no,31,299150,2024-09-02,253318.93
364,Customer_364,customer364@mail.com,sold,Maize,2023-10-16,2024-01-02,142,7100,78,34,12552.8,no,32,0,2024-01-02,-12552.8
284,Customer_284,customer284@mail.com,stored,Maize,2023-06-17,2023-07-22,74,3700,35,48,4144.0,yes,50,0,2023-07-22,-4144.0
1181,Customer_1181,customer1181@mail.com,stored,Millet,2023-06-01,2023-09-17,143,3575,108,42,21621.6,partial,47,0,2023-09-17,-21621.6
657,Customer_657,customer657@mail.com,sold,Barley,2024-03-19,2024-05-05,20,1000,47,45,1410.0,yes,40,0,2024-05-05,-1410.0
1194,Customer_1194,customer1194@mail.com,storing,Barley,2024-05-01,2024-09-05,190,9500,127,31,24934.33,partial,32,304000,2024-09-05,279065.67
98,Customer_98,customer98@mail.com,stored,Sorghum,2023-04-18,2023-09-23,53,1325,158,56,15631.47,partial,33,43725,2023-09-23,28093.53
879,Customer_879,customer879@mail.com,stored,Sorghum,2023-08-31,2024-01-05,119,5950,127,31,15616.77,partial,27,160650,2024-01-05,145033.23
1480,Customer_1480,customer1480@mail.com,stored,Barley,2023-04-15,2023-05-09,118,5900,24,45,4248.0,yes,38,224200,2023-05-09,219952.0
420,Customer_420,customer420@mail.com,sold,Barley,2024-01-27,2024-03-29,177,4425,62,32,11705.6,no,52,0,2024-03-29,-11705.6
653,Customer_653,customer653@mail.com,sold,Millet,2023-04-20,2023-08-05,117,2925,107,39,16274.7,no,25,73125,2023-08-05,56850.3
707,Customer_707,customer707@mail.com,stored,Maize,2024-02-15,2024-03-29,53,1325,43,49,3722.37,partial,35,46375,2024-03-29,42652.63
336,Customer_336,customer336@mail.com,storing,Maize,2024-03-24,2024-07-25,73,3650,123,43,12869.9,partial,36,131400,2024-07-25,118530.1
1423,Customer_1423,customer1423@mail.com,storing,Barley,2024-06-03,2024-10-11,200,10000,130,30,26000.0,yes,40,400000,2024-10-11,374000.0
115,Customer_115,customer115@mail.com,stored,Wheat,2023-03-04,2023-06-10,24,600,98,36,2822.4,partial,31,18600,2023-06-10,15777.6
1974,Customer_1974,customer1974@mail.com,stored,Sorghum,2024-06-03,2024-06-30,61,3050,27,32,1756.8,no,42,0,2024-06-30,-1756.8
696,Customer_696,customer696@mail.com,stored,Wheat,2023-07-25,2023-09-26,148,7400,63,27,8391.6,yes,43,318200,2023-09-26,309808.4
1309,Customer_1309,customer1309@mail.com,stored,Sorghum,2024-03-02,2024-08-04,60,3000,155,31,9610.0,no,43,129000,2024-08-04,119390.0
384,Customer_384,customer384@mail.com,stored,Wheat,2023-05-30,2023-11-26,107,2675,180,32,20544.0,yes,36,96300,2023-11-26,75756.0
632,Customer_632,customer632@mail.com,stored,Millet,2023-11-06,2023-12-10,17,850,34,38,732.13,partial,55,0,2023-12-10,-732.13
1896,Customer_1896,customer1896@mail.com,stored,Millet,2023-08-28,2023-12-04,139,3475,98,41,18616.73,no,54,187650,2023-12-04,169033.27
1370,Customer_1370,customer1370@mail.com,stored,Wheat,2024-04-04,2024-06-13,165,8250,70,45,17325.0,no,33,272250,2024-06-13,254925.0
1490,Customer_1490,customer1490@mail.com,storing,Wheat,2024-07-28,2024-11-08,122,3050,103,35,14660.33,yes,48,146400,2024-11-08,131739.67
1807,Customer_1807,customer1807@mail.com,storing,Barley,2023-03-17,2023-06-26,171,4275,101,43,24755.1,no,44,0,2023-06-26,-24755.1
11,Customer_11,customer11@mail.com,stored,Maize,2024-04-27,2024-08-04,77,1925,99,57,14483.7,partial,42,80850,2024-08-04,66366.3
1710,Customer_1710,customer1710@mail.com,sold,Millet,2023-10-28,2024-01-24,96,4800,88,46,12953.6,no,51,244800,2024-01-24,231846.4
1503,Customer_1503,customer1503@mail.com,storing,Millet,2023-09-14,2023-12-01,41,2050,78,28,2984.8,no,44,0,2023-12-01,-2984.8
334,Customer_334,customer334@mail.com,storing,Maize,2024-02-21,2024-05-17,99,4950,86,20,5676.0,yes,37,183150,2024-05-17,177474.0
1918,Customer_1918,customer1918@mail.com,sold,Wheat,2024-01-13,2024-04-21,130,6500,99,49,21021.0,partial,29,0,2024-04-21,-21021.0
1666,Customer_1666,customer1666@mail.com,storing,Barley,2023-07-13,2024-01-09,62,3100,180,25,9300.0,no,52,0,2024-01-09,-9300.0
980,Customer_980,customer980@mail.com,sold,Sorghum,2023-09-24,2024-01-27,144,3600,125,39,23400.0,yes,50,180000,2024-01-27,156600.0
1419,Customer_1419,customer1419@mail.com,stored,Wheat,2023-12-08,2024-02-02,116,5800,56,25,5413.33,partial,51,295800,2024-02-02,290386.67
1290,Customer_1290,customer1290@mail.com,stored,Barley,2024-06-12,2024-10-14,50,2500,124,37,7646.67,no,29,72500,2024-10-14,64853.33
1014,Customer_1014,customer1014@mail.com,sold,Wheat,2024-07-30,2024-10-13,122,3050,75,52,15860.0,no,37,112850,2024-10-13,96990.0
471,Customer_471,customer471@mail.com,sold,Maize,2023-02-08,2023-07-01,99,4950,143,60,28314.0,no,50,0,2023-07-01,-28314.0
1021,Customer_1021,customer1021@mail.com,sold,Sorghum,2024-03-17,2024-04-05,85,4250,19,40,2153.33,no,42,178500,2024-04-05,176346.67
1029,Customer_1029,customer1029@mail.com,sold,Millet,2024-01-15,2024-03-03,129,3225,48,21,4334.4,no,28,0,2024-03-03,-4334.4
1774,Customer_1774,customer1774@mail.com,storing,Barley,2023-12-25,2024-03-23,131,3275,89,59,22929.37,no,45,0,2024-03-23,-22929.37
1769,Customer_1769,customer1769@mail.com,stored,Rice,2024-03-05,2024-08-29,128,3200,177,42,31718.4,yes,35,112000,2024-08-29,80281.6
157,Customer_157,customer157@mail.com,sold,Maize,2023-12-16,2024-04-08,47,2350,114,49,8751.4,no,31,0,2024-04-08,-8751.4
1423,Customer_1423,customer1423@mail.com,stored,Barley,2024-08-17,2024-08-29,11,550,12,43,189.2,partial,45,24750,2024-08-29,24560.8
281,Customer_281,customer281@mail.com,stored,Sorghum,2023-12-26,2024-02-22,49,1225,58,20,1894.67,partial,55,0,2024-02-22,-1894.67
852,Customer_852,customer852@mail.com,sold,Maize,2023-07-18,2023-08-08,107,5350,21,42,3145.8,no,51,0,2023-08-08,-3145.8
128,Customer_128,customer128@mail.com,stored,Millet,2023-02-16,2023-07-10,165,8250,144,22,17424.0,no,39,0,2023-07-10,-17424.0
45,Customer_45,customer45@mail.com,sold,Wheat,2024-05-19,2024-10-09,58,1450,143,49,13546.87,no,35,0,2024-10-09,-13546.87
1888,Customer_1888,customer1888@mail.com,storing,Wheat,2023-07-13,2023-12-29,86,4300,169,45,21801.0,yes,48,0,2023-12-29,-21801.0
890,Customer_890,customer890@mail.com,stored,Sorghum,2023-05-14,2023-11-05,40,2000,175,43,10033.33,no,30,60000,2023-11-05,49966.67
475,Customer_475,customer475@mail.com,storing,Millet,2024-06-09,2024-07-13,89,4450,34,27,2723.4,partial,49,218050,2024-07-13,215326.6
1012,Customer_1012,customer1012@mail.com,stored,Sorghum,2024-06-04,2024-08-05,129,6450,62,20,5332.0,partial,31,0,2024-08-05,-5332.0
158,Customer_158,customer158@mail.com,storing,Rice,2023-11-03,2024-02-05,143,7150,94,38,17026.53,yes,47,0,2024-02-05,-17026.53
1467,Customer_1467,customer1467@mail.com,sold,Wheat,2024-07-02,2024-09-05,84,2100,65,49,8918.0,partial,38,79800,2024-09-05,70882.0
818,Customer_818,customer818@mail.com,storing,Wheat,2023-03-01,2023-04-06,153,7650,36,44,8078.4,no,44,336600,2023-04-06,328521.6
444,Customer_444,customer444@mail.com,sold,Barley,2024-03-15,2024-07-13,145,7250,120,22,12760.0,yes,43,0,2024-07-13,-12760.0
295,Customer_295,customer295@mail.com,storing,Wheat,2023-02-19,2023-04-26,170,4250,66,30,11220.0,partial,51,216750,2023-04-26,205530.0
1424,Customer_1424,customer1424@mail.com,stored,Rice,2024-02-13,2024-05-22,77,1925,99,46,11688.6,yes,50,0,2024-05-22,-11688.6
1628,Customer_1628,customer1628@mail.com,sold,Sorghum,2023-11-30,2024-01-30,89,4450,61,35,6333.83,partial,46,0,2024-01-30,-6333.83
1036,Customer_1036,customer1036@mail.com,sold,Barley,2023-08-03,2023-09-17,169,4225,45,41,10393.5,no,27,114075,2023-09-17,103681.5
682,Customer_682,customer682@mail.com,sold,Barley,2024-06-23,2024-12-03,18,450,163,39,3814.2,partial,26,0,2024-12-03,-3814.2
1836,Customer_1836,customer1836@mail.com,stored,Millet,2023-08-13,2023-12-11,38,950,120,46,6992.0,yes,37,35150,2023-12-11,28158.0
1207,Customer_1207,customer1207@mail.com,sold,Barley,2024-01-17,2024-02-01,178,4450,15,40,3560.0,no,34,0,2024-02-01,-3560.0
1941,Customer_1941,customer1941@mail.com,sold,Wheat,2023-09-26,2024-02-26,43,2150,153,47,10307.1,yes,42,0,2024-02-26,-10307.1
75,Customer_75,customer75@mail.com,storing,Sorghum,2023-08-02,2023-10-10,79,1975,69,38,6904.6,partial,39,0,2023-10-10,-6904.6
1103,Customer_1103,customer1103@mail.com,sold,Barley,2024-07-23,2024-10-18,106,5300,87,29,8914.6,no,38,0,2024-10-18,-8914.6
328,Customer_328,customer328@mail.com,stored,Wheat,2023-06-14,2023-09-19,135,3375,97,31,13531.5,yes,45,151875,2023-09-19,138343.5
1116,Customer_1116,customer1116@mail.com,storing,Sorghum,2023-01-23,2023-07-12,193,4825,170,31,33903.67,yes,54,260550,2023-07-12,226646.33
150,Customer_150,customer150@mail.com,sold,Rice,2023-04-02,2023-05-31,53,2650,59,42,4377.8,yes,39,103350,2023-05-31,98972.2
1684,Customer_1684,customer1684@mail.com,storing,Rice,2024-03-27,2024-09-12,31,775,169,45,7858.5,yes,35,27125,2024-09-12,19266.5
182,Customer_182,customer182@mail.com,sold,Maize,2023-05-08,2023-06-24,118,2950,47,29,5361.13,partial,41,120950,2023-06-24,115588.87
1388,Customer_1388,customer1388@mail.com,sold,Millet,2023-01-14,2023-03-26,176,4400,71,47,19577.07,no,28,123200,2023-03-26,103622.93
1202,Customer_1202,customer1202@mail.com,stored,Millet,2024-05-09,2024-08-24,80,2000,107,23,6562.67,partial,48,96000,2024-08-24,89437.33
1950,Customer_1950,customer1950@mail.com,sold,Wheat,2023-06-29,2023-09-01,58,1450,64,45,5568.0,no,43,62350,2023-09-01,56782.0
1443,Customer_1443,customer1443@mail.com,stored,Millet,2023-07-19,2023-08-10,50,1250,22,49,1796.67,partial,34,42500,2023-08-10,40703.33
691,Customer_691,customer691@mail.com,stored,Barley,2023-09-10,2024-02-24,115,5750,167,58,37129.67,partial,28,0,2024-02-24,-37129.67
502,Customer_502,customer502@mail.com,storing,Millet,2023-09-14,2023-10-05,45,1125,21,42,1323.0,yes,28,31500,2023-10-05,30177.0
538,Customer_538,customer538@mail.com,storing,Millet,2024-08-18,2024-10-28,65,1625,71,41,6307.17,partial,49,0,2024-10-28,-6307.17
400,Customer_400,customer400@mail.com,stored,Barley,2024-07-17,2024-08-02,110,2750,16,25,1466.67,partial,55,151250,2024-08-02,149783.33
832,Customer_832,customer832@mail.com,storing,Millet,2023-04-22,2023-09-02,143,7150,133,28,17751.07,no,55,393250,2023-09-02,375498.93
618,Customer_618,customer618@mail.com,sold,Wheat,2023-03-25,2023-07-19,11,550,116,33,1403.6,yes,40,0,2023-07-19,-1403.6
1885,Customer_1885,customer1885@mail.com,sold,Sorghum,2024-07-19,2024-12-29,34,1700,163,59,10899.27,yes,26,0,2024-12-29,-10899.27
675,Customer_675,customer675@mail.com,stored,Rice,2023-11-25,2023-12-11,119,5950,16,20,1269.33,yes,30,0,2023-12-11,-1269.33
222,Customer_222,customer222@mail.com,sold,Millet,2023-11-29,2024-03-05,157,7850,97,58,29442.73,partial,38,0,2024-03-05,-29442.73
815,Customer_815,customer815@mail.com,sold,Rice,2024-01-30,2024-05-16,33,825,107,52,6120.4,no,26,21450,2024-05-16,15329.6
1156,Customer_1156,customer1156@mail.com,stored,Barley,2023-09-01,2023-09-20,10,500,19,60,380.0,partial,27,13500,2023-09-20,13120.0
40,Customer_40,customer40@mail.com,stored,Sorghum,2023-08-31,2023-11-20,104,5200,81,42,11793.6,partial,42,0,2023-11-20,-11793.6
1431,Customer_1431,customer1431@mail.com,sold,Maize,2023-10-01,2024-02-06,113,5650,128,53,25553.07,no,43,0,2024-02-06,-25553.07
996,Customer_996,customer996@mail.com,stored,Millet,2023-09-09,2023-11-04,137,6850,56,30,7672.0,yes,29,0,2023-11-04,-7672.0
1145,Customer_1145,customer1145@mail.com,sold,Millet,2023-06-24,2023-09-24,151,3775,92,54,25005.6,partial,29,109475,2023-09-24,84469.4
1573,Customer_1573,customer1573@mail.com,stored,Wheat,2023-09-28,2024-01-14,37,1850,108,45,5994.0,yes,40,0,2024-01-14,-5994.0
1845,Customer_1845,customer1845@mail.com,sold,Rice,2023-09-01,2024-01-13,80,2000,134,49,17509.33,no,37,74000,2024-01-13,56490.67
1843,Customer_1843,customer1843@mail.com,storing,Maize,2023-11-29,2024-02-05,175,4375,68,28,11106.67,partial,38,0,2024-02-05,-11106.67
1609,Customer_1609,customer1609@mail.com,stored,Rice,2023-03-11,2023-07-26,31,775,137,38,5379.53,yes,29,0,2023-07-26,-5379.53
1401,Customer_1401,customer1401@mail.com,storing,Millet,2023-04-22,2023-06-30,49,1225,69,59,6649.3,partial,53,64925,2023-06-30,58275.7
1784,Customer_1784,customer1784@mail.com,storing,Millet,2023-05-17,2023-10-16,140,3500,152,52,36885.33,yes,27,0,2023-10-16,-36885.33
1704,Customer_1704,customer1704@mail.com,storing,Wheat,2023-07-27,2024-01-14,134,6700,171,48,36662.4,yes,27,180900,2024-01-14,144237.6
1555,Customer_1555,customer1555@mail.com,storing,Millet,2024-03-18,2024-04-29,59,1475,42,57,4708.2,yes,33,0,2024-04-29,-4708.2
693,Customer_693,customer693@mail.com,stored,Barley,2023-02-26,2023-05-25,120,6000,88,44,15488.0,partial,47,282000,2023-05-25,266512.0
712,Customer_712,customer712@mail.com,storing,Sorghum,2023-01-28,2023-03-19,64,1600,50,24,2560.0,yes,26,0,2023-03-19,-2560.0
1146,Customer_1146,customer1146@mail.com,sold,Millet,2024-02-02,2024-03-18,127,3175,45,24,4572.0,partial,42,0,2024-03-18,-4572.0
1983,Customer_1983,customer1983@mail.com,stored,Wheat,2023-01-16,2023-03-19,161,4025,62,56,18633.07,yes,44,0,2023-03-19,-18633.07
606,Customer_606,customer606@mail.com,storing,Maize,2023-04-16,2023-05-17,80,2000,31,47,3885.33,yes,36,0,2023-05-17,-3885.33
1005,Customer_1005,customer1005@mail.com,storing,Rice,2023-09-07,2024-03-02,188,4700,177,20,22184.0,no,49,230300,2024-03-02,208116.0
1423,Customer_1423,customer1423@mail.com,sold,Barley,2023-11-07,2024-04-20,156,3900,165,48,41184.0,partial,45,0,2024-04-20,-41184.0
1404,Customer_1404,customer1404@mail.com,storing,Rice,2024-01-03,2024-06-10,57,1425,159,21,6344.1,yes,55,0,2024-06-10,-6344.1
179,Customer_179,customer179@mail.com,stored,Wheat,2023-08-27,2023-09-07,157,7850,11,22,1266.47,partial,34,266900,2023-09-07,265633.53
958,Customer_958,customer958@mail.com,sold,Rice,2024-02-01,2024-04-21,181,9050,80,25,12066.67,no,38,0,2024-04-21,-12066.67
553,Customer_553,customer553@mail.com,storing,Sorghum,2023-08-05,2023-11-19,111,2775,106,58,22747.6,partial,53,147075,2023-11-19,124327.4
1974,Customer_1974,customer1974@mail.com,stored,Barley,2023-06-11,2023-06-28,107,2675,17,39,2364.7,no,41,109675,2023-06-28,107310.3
786,Customer_786,customer786@mail.com,sold,Barley,2023-07-27,2023-12-31,16,800,157,54,4521.6,partial,54,0,2023-12-31,-4521.6
768,Customer_768,customer768@mail.com,storing,Sorghum,2023-01-19,2023-02-25,162,8100,37,58,11588.4,partial,36,0,2023-02-25,-11588.4
1630,Customer_1630,customer1630@mail.com,stored,Millet,2024-08-20,2025-01-13,120,3000,146,40,23360.0,no,53,159000,2025-01-13,135640.0
682,Customer_682,customer682@mail.com,stored,Rice,2023-01-15,2023-06-02,94,2350,138,48,20755.2,yes,49,0,2023-06-02,-20755.2
1640,Customer_1640,customer1640@mail.com,stored,Millet,2023-06-10,2023-07-12,89,4450,32,39,3702.4,yes,25,111250,2023-07-12,107547.6
1970,Customer_1970,customer1970@mail.com,stored,Wheat,2024-03-25,2024-09-21,16,400,180,59,5664.0,no,47,0,2024-09-21,-5664.0
1339,Customer_1339,customer1339@mail.com,storing,Barley,2024-06-01,2024-08-17,44,2200,77,24,2710.4,no,54,118800,2024-08-17,116089.6
1439,Customer_1439,customer1439@mail.com,sold,Wheat,2023-07-24,2023-11-18,179,8950,117,34,23735.4,partial,33,295350,2023-11-18,271614.6
1145,Customer_1145,customer1145@mail.com,sold,Sorghum,2023-10-22,2023-11-01,118,5900,10,24,944.0,yes,40,0,2023-11-01,-944.0
1051,Customer_1051,customer1051@mail.com,storing,Maize,2023-06-25,2023-09-19,115,5750,86,23,7582.33,partial,25,0,2023-09-19,-7582.33
327,Customer_327,customer327@mail.com,sold,Maize,2023-12-19,2024-02-04,182,4550,47,36,10264.8,no,50,0,2024-02-04,-10264.8
96,Customer_96,customer96@mail.com,sold,Rice,2024-07-16,2024-08-05,183,9150,20,38,4636.0,partial,42,0,2024-08-05,-4636.0
682,Customer_682,customer682@mail.com,sold,Rice,2023-11-01,2024-03-02,43,2150,122,49,8568.47,no,32,68800,2024-03-02,60231.53
1521,Customer_1521,customer1521@mail.com,storing,Wheat,2023-08-25,2023-11-29,158,3950,96,20,10112.0,yes,25,98750,2023-11-29,88638.0
953,Customer_953,customer953@mail.com,stored,Sorghum,2024-01-03,2024-06-10,14,350,159,32,2374.4,no,30,10500,2024-06-10,8125.6
1291,Customer_1291,customer1291@mail.com,stored,Wheat,2024-04-21,2024-06-02,181,9050,42,32,8108.8,yes,33,0,2024-06-02,-8108.8
1813,Customer_1813,customer1813@mail.com,stored,Sorghum,2023-04-13,2023-05-21,172,4300,38,54,11764.8,partial,43,184900,2023-05-21,173135.2
1417,Customer_1417,customer1417@mail.com,storing,Barley,2023-06-08,2023-09-14,51,1275,98,47,7830.2,yes,50,63750,2023-09-14,55919.8
1440,Customer_1440,customer1440@mail.com,sold,Millet,2023-05-20,2023-07-16,36,900,57,23,1573.2,yes,25,0,2023-07-16,-1573.2
1571,Customer_1571,customer1571@mail.com,storing,Rice,2024-03-04,2024-06-13,139,6950,101,52,24334.27,yes,43,298850,2024-06-13,274515.73
993,Customer_993,customer993@mail.com,stored,Maize,2024-08-21,2024-10-22,32,1600,62,56,3703.47,no,38,60800,2024-10-22,57096.53
405,Customer_405,customer405@mail.com,sold,Sorghum,2024-03-17,2024-04-20,70,3500,34,59,4680.67,no,30,105000,2024-04-20,100319.33
891,Customer_891,customer891@mail.com,storing,Rice,2024-06-20,2024-09-01,68,3400,73,43,7115.07,no,49,0,2024-09-01,-7115.07
593,Customer_593,customer593@mail.com,storing,Millet,2024-05-02,2024-05-26,114,2850,24,21,1915.2,yes,39,111150,2024-05-26,109234.8
1531,Customer_1531,customer1531@mail.com,stored,Sorghum,2024-01-07,2024-05-15,33,825,129,26,3689.4,yes,55,0,2024-05-15,-3689.4
1133,Customer_1133,customer1133@mail.com,stored,Rice,2024-03-26,2024-04-28,161,4025,33,42,7438.2,partial,50,201250,2024-04-28,193811.8
1271,Customer_1271,customer1271@mail.com,storing,Barley,2023-10-12,2023-12-25,91,4550,74,24,5387.2,partial,31,0,2023-12-25,-5387.2
1752,Customer_1752,customer1752@mail.com,storing,Maize,2023-08-16,2023-12-29,14,350,135,41,2583.0,no,38,13300,2023-12-29,10717.0
518,Customer_518,customer518@mail.com,sold,Maize,2023-06-28,2023-12-02,111,5550,157,59,34273.1,yes,53,0,2023-12-02,-34273.1
1892,Customer_1892,customer1892@mail.com,sold,Wheat,2023-10-17,2024-03-18,177,8850,153,42,37913.4,no,49,0,2024-03-18,-37913.4
1474,Customer_1474,customer1474@mail.com,storing,Sorghum,2023-10-31,2024-04-21,175,8750,173,30,30275.0,yes,33,288750,2024-04-21,258475.0
745,Customer_745,customer745@mail.com,stored,Sorghum,2024-03-18,2024-08-02,10,500,137,26,1187.33,partial,53,0,2024-08-02,-1187.33
1242,Customer_1242,customer1242@mail.com,stored,Wheat,2023-03-16,2023-09-02,166,8300,170,55,51736.67,yes,32,265600,2023-09-02,213863.33
1842,Customer_1842,customer1842@mail.com,storing,Maize,2023-10-27,2024-02-05,73,1825,101,30,7373.0,no,52,94900,2024-02-05,87527.0
1462,Customer_1462,customer1462@mail.com,storing,Wheat,2023-12-10,2024-04-29,175,4375,141,26,21385.0,yes,25,109375,2024-04-29,87990.0
21,Customer_21,customer21@mail.com,stored,Rice,2023-11-03,2024-03-01,101,2525,119,21,8413.3,yes,40,0,2024-03-01,-8413.3
1922,Customer_1922,customer1922@mail.com,storing,Maize,2023-04-09,2023-10-02,69,3450,176,52,21049.6,yes,49,0,2023-10-02,-21049.6
1165,Customer_1165,customer1165@mail.com,sold,Maize,2024-03-31,2024-06-27,88,4400,88,39,10067.2,yes,48,211200,2024-06-27,201132.8
1888,Customer_1888,customer1888@mail.com,sold,Wheat,2023-03-03,2023-07-23,12,300,142,49,2783.2,no,34,10200,2023-07-23,7416.8
965,Customer_965,customer965@mail.com,stored,Sorghum,2023-09-22,2023-11-16,120,3000,55,56,12320.0,partial,39,0,2023-11-16,-12320.0
626,Customer_626,customer626@mail.com,sold,Barley,2023-05-19,2023-08-23,82,2050,96,27,7084.8,no,28,0,2023-08-23,-7084.8
1200,Customer_1200,customer1200@mail.com,storing,Wheat,2024-07-11,2024-11-14,31,775,126,43,5598.6,no,42,0,2024-11-14,-5598.6
511,Customer_511,customer511@mail.com,sold,Rice,2023-07-11,2023-12-25,165,4125,167,44,40414.0,no,49,202125,2023-12-25,161711.0
599,Customer_599,customer599@mail.com,sold,Barley,2023-10-07,2023-12-22,86,4300,76,22,4793.07,no,50,215000,2023-12-22,210206.93
301,Customer_301,customer301@mail.com,sold,Wheat,2023-08-09,2023-11-02,29,1450,85,49,4026.17,yes,48,69600,2023-11-02,65573.83
1811,Customer_1811,customer1811@mail.com,storing,Millet,2023-09-01,2023-12-15,195,9750,105,38,25935.0,no,27,263250,2023-12-15,237315.0
696,Customer_696,customer696@mail.com,stored,Rice,2023-07-06,2023-08-20,187,4675,45,39,10939.5,partial,41,191675,2023-08-20,180735.5
1687,Customer_1687,customer1687@mail.com,stored,Rice,2024-08-09,2024-09-25,53,2650,47,45,3736.5,yes,31,82150,2024-09-25,78413.5
1801,Customer_1801,customer1801@mail.com,stored,Rice,2023-01-31,2023-03-05,150,7500,33,50,8250.0,yes,39,292500,2023-03-05,284250.0
883,Customer_883,customer883@mail.com,storing,Barley,2024-04-07,2024-05-26,104,2600,49,40,6794.67,partial,31,0,2024-05-26,-6794.67
356,Customer_356,customer356@mail.com,sold,Rice,2023-10-02,2024-03-26,133,6650,176,49,38233.07,partial,35,232750,2024-03-26,194516.93
2000,Customer_2000,customer2000@mail.com,stored,Barley,2023-04-28,2023-10-01,12,600,156,44,2745.6,no,46,0,2023-10-01,-2745.6
13,Customer_13,customer13@mail.com,sold,Wheat,2024-06-11,2024-08-23,24,600,73,35,2044.0,yes,25,15000,2024-08-23,12956.0
1366,Customer_1366,customer1366@mail.com,storing,Wheat,2024-08-21,2025-02-13,164,4100,176,23,22129.07,partial,45,0,2025-02-13,-22129.07
951,Customer_951,customer951@mail.com,stored,Wheat,2023-05-01,2023-07-29,122,6100,89,42,15201.2,partial,34,0,2023-07-29,-15201.2
1258,Customer_1258,customer1258@mail.com,sold,Millet,2024-06-15,2024-08-21,58,2900,67,48,6217.6,yes,25,0,2024-08-21,-6217.6
1640,Customer_1640,customer1640@mail.com,storing,Rice,2023-01-07,2023-03-13,31,1550,65,24,1612.0,yes,43,66650,2023-03-13,65038.0
1300,Customer_1300,customer1300@mail.com,stored,Barley,2024-03-12,2024-07-19,15,375,129,31,1999.5,yes,46,0,2024-07-19,-1999.5
663,Customer_663,customer663@mail.com,storing,Wheat,2023-10-13,2024-03-25,122,3050,164,21,14005.6,no,43,131150,2024-03-25,117144.4
201,Customer_201,customer201@mail.com,stored,Millet,2024-05-29,2024-06-24,44,2200,26,48,1830.4,no,44,96800,2024-06-24,94969.6
164,Customer_164,customer164@mail.com,stored,Rice,2023-10-22,2024-04-12,56,1400,173,52,16792.53,no,48,0,2024-04-12,-16792.53
1766,Customer_1766,customer1766@mail.com,sold,Millet,2024-08-22,2024-11-23,165,8250,93,52,26598.0,partial,48,0,2024-11-23,-26598.0
430,Customer_430,customer430@mail.com,stored,Rice,2023-01-29,2023-02-27,186,9300,29,23,4135.4,yes,52,483600,2023-02-27,479464.6
1450,Customer_1450,customer1450@mail.com,stored,Maize,2023-06-09,2023-09-04,60,1500,87,59,10266.0,yes,31,0,2023-09-04,-10266.0
1169,Customer_1169,customer1169@mail.com,sold,Maize,2023-01-21,2023-02-22,14,350,32,22,328.53,partial,30,10500,2023-02-22,10171.47
720,Customer_720,customer720@mail.com,storing,Millet,2023-07-12,2023-10-13,152,3800,93,47,22146.4,yes,44,0,2023-10-13,-22146.4
1288,Customer_1288,customer1288@mail.com,stored,Millet,2023-01-19,2023-06-07,146,3650,139,24,16235.2,yes,55,200750,2023-06-07,184514.8
1715,Customer_1715,customer1715@mail.com,sold,Rice,2023-01-08,2023-04-26,186,9300,108,57,38167.2,no,36,334800,2023-04-26,296632.8
1937,Customer_1937,customer1937@mail.com,sold,Sorghum,2024-07-23,2024-10-05,195,9750,74,41,19721.0,no,34,0,2024-10-05,-19721.0
1360,Customer_1360,customer1360@mail.com,sold,Rice,2023-09-01,2023-11-25,11,550,85,31,966.17,partial,45,0,2023-11-25,-966.17
1579,Customer_1579,customer1579@mail.com,sold,Maize,2023-10-03,2024-02-09,10,500,129,51,2193.0,no,26,0,2024-02-09,-2193.0
1131,Customer_1131,customer1131@mail.com,sold,Wheat,2024-07-04,2024-10-31,188,9400,119,41,30575.07,no,44,413600,2024-10-31,383024.93
1748,Customer_1748,customer1748@mail.com,storing,Rice,2023-12-08,2024-05-13,80,4000,157,38,15909.33,yes,32,0,2024-05-13,-15909.33
8,Customer_8,customer8@mail.com,storing,Sorghum,2023-08-09,2023-11-16,27,1350,99,56,4989.6,partial,30,40500,2023-11-16,35510.4
489,Customer_489,customer489@mail.com,sold,Barley,2024-02-15,2024-07-07,30,750,143,39,5577.0,no,39,29250,2024-07-07,23673.0
1971,Customer_1971,customer1971@mail.com,storing,Barley,2024-08-13,2024-08-25,175,4375,12,52,3640.0,no,34,0,2024-08-25,-3640.0
1899,Customer_1899,customer1899@mail.com,stored,Millet,2023-01-23,2023-06-30,42,2100,158,36,7963.2,no,32,67200,2023-06-30,59236.8
298,Customer_298,customer298@mail.com,stored,Barley,2023-03-03,2023-06-16,78,3900,105,24,6552.0,yes,27,105300,2023-06-16,98748.0
1178,Customer_1178,customer1178@mail.com,sold,Maize,2024-03-07,2024-08-10,152,7600,156,23,18179.2,partial,30,0,2024-08-10,-18179.2
850,Customer_850,customer850@mail.com,sold,Sorghum,2024-04-22,2024-05-13,197,9850,21,24,3309.6,yes,34,0,2024-05-13,-3309.6
549,Customer_549,customer549@mail.com,sold,Millet,2024-01-18,2024-07-10,158,7900,174,42,38488.8,no,43,339700,2024-07-10,301211.2
1237,Customer_1237,customer1237@mail.com,storing,Wheat,2024-07-31,2025-01-10,57,1425,163,52,16104.4,no,50,0,2025-01-10,-16104.4
1772,Customer_1772,customer1772@mail.com,stored,Millet,2024-05-28,2024-07-15,140,7000,48,49,10976.0,yes,34,238000,2024-07-15,227024.0
350,Customer_350,customer350@mail.com,stored,Maize,2024-01-27,2024-06-21,37,1850,146,42,7562.8,yes,42,0,2024-06-21,-7562.8
67,Customer_67,customer67@mail.com,sold,Rice,2023-12-16,2024-04-05,199,4975,111,45,33133.5,partial,52,0,2024-04-05,-33133.5
518,Customer_518,customer518@mail.com,storing,Wheat,2023-07-15,2023-12-09,17,850,147,44,3665.2,yes,25,21250,2023-12-09,17584.8
1438,Customer_1438,customer1438@mail.com,stored,Sorghum,2023-12-29,2024-04-07,78,3900,100,47,12220.0,no,37,144300,2024-04-07,132080.0
1366,Customer_1366,customer1366@mail.com,storing,Wheat,2023-04-16,2023-10-03,156,3900,170,49,43316.0,partial,32,124800,2023-10-03,81484.0
1145,Customer_1145,customer1145@mail.com,storing,Wheat,2023-05-06,2023-07-12,170,8500,67,40,15186.67,partial,44,0,2023-07-12,-15186.67
694,Customer_694,customer694@mail.com,stored,Wheat,2024-03-26,2024-09-06,106,2650,164,40,23178.67,yes,52,0,2024-09-06,-23178.67
1452,Customer_1452,customer1452@mail.com,stored,Maize,2024-04-18,2024-05-04,111,5550,16,41,2427.2,yes,53,294150,2024-05-04,291722.8
440,Customer_440,customer440@mail.com,storing,Barley,2024-02-01,2024-07-23,80,2000,173,47,21682.67,no,38,0,2024-07-23,-21682.67
1710,Customer_1710,customer1710@mail.com,storing,Sorghum,2024-08-10,2024-12-25,118,5900,137,60,32332.0,no,47,277300,2024-12-25,244968.0
477,Customer_477,customer477@mail.com,storing,Wheat,2023-12-08,2024-01-23,86,2150,46,20,2637.33,partial,41,0,2024-01-23,-2637.33
1828,Customer_1828,customer1828@mail.com,sold,Barley,2023-11-09,2024-04-25,11,550,168,37,2279.2,partial,53,0,2024-04-25,-2279.2
1132,Customer_1132,customer1132@mail.com,stored,Millet,2023-03-23,2023-05-10,45,2250,48,20,1440.0,partial,52,117000,2023-05-10,115560.0
491,Customer_491,customer491@mail.com,stored,Rice,2023-10-21,2024-04-04,184,9200,166,31,31562.13,yes,41,0,2024-04-04,-31562.13
1714,Customer_1714,customer1714@mail.com,sold,Barley,2024-07-15,2024-12-07,37,1850,145,37,6616.83,partial,38,70300,2024-12-07,63683.17
745,Customer_745,customer745@mail.com,sold,Rice,2023-07-06,2023-09-24,106,2650,80,34,9610.67,partial,52,0,2023-09-24,-9610.67
155,Customer_155,customer155@mail.com,stored,Sorghum,2024-08-22,2025-01-06,158,3950,137,36,25975.2,partial,50,0,2025-01-06,-25975.2
1282,Customer_1282,customer1282@mail.com,sold,Maize,2024-07-26,2024-12-29,95,2375,156,29,14326.0,no,37,0,2024-12-29,-14326.0
1745,Customer_1745,customer1745@mail.com,sold,Rice,2023-04-25,2023-05-05,131,6550,10,28,1222.67,partial,50,0,2023-05-05,-1222.67
1348,Customer_1348,customer1348@mail.com,stored,Maize,2023-12-22,2024-03-11,159,3975,80,43,18232.0,partial,25,99375,2024-03-11,81143.0
417,Customer_417,customer417@mail.com,storing,Maize,2023-09-08,2023-12-05,22,1100,88,29,1871.47,partial,39,42900,2023-12-05,41028.53
81,Customer_81,customer81@mail.com,sold,Maize,2023-06-19,2023-10-04,151,7550,107,31,16695.57,yes,36,0,2023-10-04,-16695.57
1411,Customer_1411,customer1411@mail.com,storing,Rice,2023-01-28,2023-03-21,148,7400,52,41,10517.87,partial,49,362600,2023-03-21,352082.13
1810,Customer_1810,customer1810@mail.com,sold,Sorghum,2023-11-10,2023-12-23,184,9200,43,50,13186.67,partial,54,496800,2023-12-23,483613.33
1914,Customer_1914,customer1914@mail.com,sold,Millet,2023-11-10,2024-02-02,123,6150,84,21,7232.4,partial,46,282900,2024-02-02,275667.6
1243,Customer_1243,customer1243@mail.com,storing,Sorghum,2023-09-17,2023-10-02,25,625,15,26,325.0,partial,54,33750,2023-10-02,33425.0
1613,Customer_1613,customer1613@mail.com,sold,Millet,2023-11-27,2024-01-08,75,3750,42,23,2415.0,yes,29,0,2024-01-08,-2415.0
1116,Customer_1116,customer1116@mail.com,storing,Millet,2023-11-25,2024-02-28,60,3000,95,44,8360.0,yes,39,0,2024-02-28,-8360.0
202,Customer_202,customer202@mail.com,stored,Millet,2023-04-06,2023-06-13,125,6250,68,51,14450.0,partial,35,0,2023-06-13,-14450.0
1924,Customer_1924,customer1924@mail.com,sold,Rice,2024-05-21,2024-09-22,41,2050,124,56,9490.13,yes,36,0,2024-09-22,-9490.13
1681,Customer_1681,customer1681@mail.com,sold,Rice,2023-07-24,2023-09-14,33,1650,52,55,3146.0,partial,35,0,2023-09-14,-3146.0
1521,Customer_1521,customer1521@mail.com,storing,Barley,2023-07-28,2023-09-24,16,400,58,27,835.2,partial,45,0,2023-09-24,-835.2
341,Customer_341,customer341@mail.com,sold,Barley,2024-04-25,2024-07-05,30,1500,71,46,3266.0,partial,31,0,2024-07-05,-3266.0
1584,Customer_1584,customer1584@mail.com,sold,Millet,2023-11-25,2024-05-20,105,2625,177,21,13009.5,yes,25,65625,2024-05-20,52615.5
12,Customer_12,customer12@mail.com,storing,Wheat,2023-02-14,2023-05-11,42,1050,86,43,5177.2,no,43,45150,2023-05-11,39972.8
1050,Customer_1050,customer1050@mail.com,stored,Wheat,2024-05-16,2024-07-09,11,550,54,25,495.0,partial,55,30250,2024-07-09,29755.0
230,Customer_230,customer230@mail.com,storing,Maize,2024-01-13,2024-02-13,106,5300,31,20,2190.67,yes,48,0,2024-02-13,-2190.67
1785,Customer_1785,customer1785@mail.com,storing,Rice,2024-05-16,2024-05-30,182,9100,14,30,2548.0,partial,43,391300,2024-05-30,388752.0
715,Customer_715,customer715@mail.com,sold,Sorghum,2023-03-24,2023-08-07,139,3475,136,56,35287.47,no,50,0,2023-08-07,-35287.47
167,Customer_167,customer167@mail.com,stored,Rice,2024-03-25,2024-07-06,11,550,103,28,1057.47,no,32,0,2024-07-06,-1057.47
534,Customer_534,customer534@mail.com,stored,Rice,2024-03-20,2024-05-12,182,9100,53,52,16719.73,partial,43,0,2024-05-12,-16719.73
1338,Customer_1338,customer1338@mail.com,stored,Barley,2024-03-02,2024-08-11,159,3975,162,30,25758.0,partial,55,218625,2024-08-11,192867.0
993,Customer_993,customer993@mail.com,storing,Sorghum,2023-06-10,2023-07-04,37,925,24,37,1095.2,no,38,0,2023-07-04,-1095.2
1807,Customer_1807,customer1807@mail.com,sold,Barley,2024-04-06,2024-09-27,100,5000,174,21,12180.0,no,36,0,2024-09-27,-12180.0
804,Customer_804,customer804@mail.com,storing,Millet,2024-03-24,2024-05-17,64,1600,54,50,5760.0,no,32,51200,2024-05-17,45440.0
1444,Customer_1444,customer1444@mail.com,stored,Millet,2023-03-07,2023-04-10,190,9500,34,46,9905.33,no,55,0,2023-04-10,-9905.33
280,Customer_280,customer280@mail.com,sold,Rice,2023-12-29,2024-05-06,14,700,129,22,1324.4,yes,41,0,2024-05-06,-1324.4
105,Customer_105,customer105@mail.com,sold,Barley,2024-08-15,2025-01-18,87,4350,156,59,26691.6,partial,51,0,2025-01-18,-26691.6
1355,Customer_1355,customer1355@mail.com,sold,Wheat,2024-03-16,2024-07-16,127,6350,122,35,18076.33,yes,54,342900,2024-07-16,324823.67
808,Customer_808,customer808@mail.com,storing,Maize,2024-05-12,2024-07-16,193,9650,65,41,17144.83,yes,30,289500,2024-07-16,272355.17
875,Customer_875,customer875@mail.com,sold,Rice,2023-04-09,2023-09-23,141,7050,167,34,26686.6,yes,32,0,2023-09-23,-26686.6
1946,Customer_1946,customer1946@mail.com,sold,Millet,2023-10-08,2023-12-12,190,9500,65,55,22641.67,no,43,408500,2023-12-12,385858.33
1487,Customer_1487,customer1487@mail.com,sold,Wheat,2024-01-14,2024-06-17,30,750,155,41,6355.0,yes,46,0,2024-06-17,-6355.0
549,Customer_549,customer549@mail.com,storing,Sorghum,2024-04-28,2024-10-19,96,4800,174,59,32851.2,no,26,0,2024-10-19,-32851.2
1030,Customer_1030,customer1030@mail.com,storing,Wheat,2023-10-17,2024-01-29,30,750,104,31,3224.0,no,48,36000,2024-01-29,32776.0
257,Customer_257,customer257@mail.com,sold,Rice,2024-02-29,2024-04-25,161,4025,56,50,15026.67,yes,34,136850,2024-04-25,121823.33
346,Customer_346,customer346@mail.com,stored,Millet,2024-02-06,2024-06-29,182,4550,144,29,25334.4,partial,47,0,2024-06-29,-25334.4
1566,Customer_1566,customer1566@mail.com,sold,Millet,2024-01-04,2024-04-12,116,2900,99,58,22202.4,yes,36,0,2024-04-12,-22202.4
407,Customer_407,customer407@mail.com,sold,Rice,2023-11-02,2024-02-24,123,6150,114,30,14022.0,no,38,233700,2024-02-24,219678.0
1677,Customer_1677,customer1677@mail.com,stored,Maize,2023-06-30,2023-09-10,80,2000,72,52,9984.0,partial,39,0,2023-09-10,-9984.0
834,Customer_834,customer834@mail.com,stored,Barley,2024-08-22,2024-12-12,24,1200,112,42,3763.2,yes,42,0,2024-12-12,-3763.2
118,Customer_118,customer118@mail.com,storing,Millet,2023-05-18,2023-07-09,134,6700,52,26,6038.93,partial,33,0,2023-07-09,-6038.93
88,Customer_88,customer88@mail.com,sold,Wheat,2023-03-05,2023-08-08,80,4000,156,52,21632.0,partial,28,0,2023-08-08,-21632.0
259,Customer_259,customer259@mail.com,sold,Millet,2024-07-09,2024-12-17,97,2425,161,31,16137.57,no,35,84875,2024-12-17,68737.43
1580,Customer_1580,customer1580@mail.com,stored,Rice,2023-05-11,2023-08-08,144,3600,89,25,10680.0,no,45,0,2023-08-08,-10680.0
129,Customer_129,customer129@mail.com,storing,Sorghum,2024-02-16,2024-05-15,164,4100,89,53,25786.27,yes,45,0,2024-05-15,-25786.27
129,Customer_129,customer129@mail.com,storing,Sorghum,2024-01-06,2024-04-10,123,6150,95,38,14801.0,partial,51,0,2024-04-10,-14801.0
1445,Customer_1445,customer1445@mail.com,stored,Maize,2023-09-07,2023-12-23,150,7500,107,54,28890.0,no,44,0,2023-12-23,-28890.0
1835,Customer_1835,customer1835@mail.com,stored,Sorghum,2023-02-11,2023-04-17,32,800,65,20,1386.67,no,46,0,2023-04-17,-1386.67
1839,Customer_1839,customer1839@mail.com,stored,Barley,2023-12-03,2024-04-09,49,2450,128,42,8780.8,partial,44,107800,2024-04-09,99019.2
1849,Customer_1849,customer1849@mail.com,stored,Sorghum,2024-02-14,2024-05-14,182,4550,90,45,24570.0,yes,52,0,2024-05-14,-24570.0
561,Customer_561,customer561@mail.com,sold,Rice,2024-06-28,2024-11-03,69,3450,128,46,13542.4,yes,55,0,2024-11-03,-13542.4
830,Customer_830,customer830@mail.com,sold,Sorghum,2024-05-04,2024-07-22,21,1050,79,55,3041.5,yes,31,32550,2024-07-22,29508.5
1811,Customer_1811,customer1811@mail.com,sold,Rice,2024-07-07,2024-12-13,146,7300,159,49,37916.2,no,52,0,2024-12-13,-37916.2
1256,Customer_1256,customer1256@mail.com,stored,Wheat,2024-01-13,2024-07-09,140,7000,178,29,24089.33,yes,45,315000,2024-07-09,290910.67
1354,Customer_1354,customer1354@mail.com,storing,Millet,2024-05-09,2024-08-06,195,9750,89,58,33553.0,yes,38,370500,2024-08-06,336947.0
1697,Customer_1697,customer1697@mail.com,storing,Millet,2023-05-11,2023-08-09,99,2475,90,22,6534.0,no,43,0,2023-08-09,-6534.0
147,Customer_147,customer147@mail.com,storing,Wheat,2024-02-02,2024-02-17,149,3725,15,33,2458.5,partial,48,0,2024-02-17,-2458.5
179,Customer_179,customer179@mail.com,storing,Wheat,2023-09-16,2023-11-09,132,6600,54,51,12117.6,partial,28,184800,2023-11-09,172682.4
1917,Customer_1917,customer1917@mail.com,stored,Maize,2024-02-26,2024-07-28,100,2500,153,50,25500.0,yes,50,125000,2024-07-28,99500.0
82,Customer_82,customer82@mail.com,stored,Maize,2023-08-19,2024-02-05,75,3750,170,51,21675.0,no,30,112500,2024-02-05,90825.0
319,Customer_319,customer319@mail.com,sold,Millet,2023-09-17,2023-11-16,87,4350,60,54,9396.0,yes,25,108750,2023-11-16,99354.0
81,Customer_81,customer81@mail.com,storing,Wheat,2024-02-01,2024-04-09,68,1700,68,45,6936.0,partial,50,0,2024-04-09,-6936.0
116,Customer_116,customer116@mail.com,sold,Wheat,2024-04-07,2024-09-25,110,5500,171,33,20691.0,partial,52,286000,2024-09-25,265309.0
1498,Customer_1498,customer1498@mail.com,storing,Millet,2023-09-09,2024-02-28,90,2250,172,33,17028.0,yes,37,0,2024-02-28,-17028.0
1850,Customer_1850,customer1850@mail.com,storing,Maize,2023-09-16,2024-02-15,23,575,152,25,2913.33,yes,27,15525,2024-02-15,12611.67
676,Customer_676,customer676@mail.com,sold,Rice,2024-04-30,2024-05-23,180,9000,23,33,4554.0,partial,33,0,2024-05-23,-4554.0
524,Customer_524,customer524@mail.com,stored,Wheat,2023-05-18,2023-10-02,183,4575,137,53,44292.1,partial,35,0,2023-10-02,-44292.1
774,Customer_774,customer774@mail.com,storing,Wheat,2024-02-21,2024-05-04,27,1350,73,46,3022.2,no,49,0,2024-05-04,-3022.2
685,Customer_685,customer685@mail.com,storing,Millet,2023-11-16,2024-01-15,39,1950,60,23,1794.0,partial,37,0,2024-01-15,-1794.0
454,Customer_454,customer454@mail.com,stored,Sorghum,2023-08-04,2023-10-15,88,2200,72,49,10348.8,no,55,0,2023-10-15,-10348.8
483,Customer_483,customer483@mail.com,sold,Maize,2023-09-28,2023-10-30,43,2150,32,42,1926.4,partial,27,0,2023-10-30,-1926.4
1145,Customer_1145,customer1145@mail.com,stored,Wheat,2024-03-29,2024-04-26,171,8550,28,56,8937.6,partial,55,470250,2024-04-26,461312.4
586,Customer_586,customer586@mail.com,sold,Rice,2024-07-25,2024-10-25,189,9450,92,35,20286.0,no,34,321300,2024-10-25,301014.0
840,Customer_840,customer840@mail.com,stored,Sorghum,2023-10-20,2024-03-18,193,9650,150,24,23160.0,partial,36,0,2024-03-18,-23160.0
246,Customer_246,customer246@mail.com,sold,Rice,2024-01-06,2024-05-15,22,1100,130,51,4862.0,partial,27,29700,2024-05-15,24838.0
639,Customer_639,customer639@mail.com,storing,Sorghum,2024-04-02,2024-08-08,81,2025,128,30,10368.0,no,55,111375,2024-08-08,101007.0
1375,Customer_1375,customer1375@mail.com,storing,Maize,2023-03-07,2023-06-25,104,5200,110,26,9914.67,yes,33,0,2023-06-25,-9914.67
329,Customer_329,customer329@mail.com,storing,Maize,2023-08-06,2023-09-21,22,1100,46,43,1450.53,no,41,0,2023-09-21,-1450.53
1168,Customer_1168,customer1168@mail.com,storing,Rice,2024-02-02,2024-06-08,164,4100,127,46,31936.27,no,54,0,2024-06-08,-31936.27
1972,Customer_1972,customer1972@mail.com,storing,Barley,2023-11-12,2024-04-14,82,2050,154,22,9260.53,partial,52,106600,2024-04-14,97339.47
932,Customer_932,customer932@mail.com,stored,Sorghum,2023-03-02,2023-04-10,28,1400,39,48,1747.2,partial,33,46200,2023-04-10,44452.8
483,Customer_483,customer483@mail.com,sold,Millet,2024-07-20,2024-11-21,132,6600,124,38,20732.8,partial,38,250800,2024-11-21,230067.2
341,Customer_341,customer341@mail.com,sold,Barley,2023-10-30,2024-02-26,105,2625,119,27,11245.5,partial,45,118125,2024-02-26,106879.5
1838,Customer_1838,customer1838@mail.com,sold,Sorghum,2023-08-03,2024-01-06,84,2100,156,34,14851.2,yes,45,94500,2024-01-06,79648.8
71,Customer_71,customer71@mail.com,storing,Rice,2024-02-23,2024-04-11,47,2350,48,54,4060.8,no,39,91650,2024-04-11,87589.2
1526,Customer_1526,customer1526@mail.com,stored,Sorghum,2024-05-22,2024-06-08,58,2900,17,52,1709.07,no,55,159500,2024-06-08,157790.93
1430,Customer_1430,customer1430@mail.com,storing,Sorghum,2023-10-25,2024-04-15,18,900,173,56,5812.8,no,50,0,2024-04-15,-5812.8
491,Customer_491,customer491@mail.com,storing,Maize,2024-01-01,2024-06-04,186,9300,155,54,51894.0,no,39,362700,2024-06-04,310806.0
1012,Customer_1012,customer1012@mail.com,storing,Barley,2023-11-12,2024-03-12,165,4125,121,53,35271.5,partial,46,189750,2024-03-12,154478.5
1084,Customer_1084,customer1084@mail.com,stored,Wheat,2024-02-27,2024-07-22,137,6850,146,48,32003.2,no,38,260300,2024-07-22,228296.8
1312,Customer_1312,customer1312@mail.com,stored,Wheat,2023-01-29,2023-05-11,35,875,102,26,3094.0,yes,29,25375,2023-05-11,22281.0
1045,Customer_1045,customer1045@mail.com,stored,Wheat,2023-06-08,2023-11-08,30,750,153,25,3825.0,yes,41,0,2023-11-08,-3825.0
642,Customer_642,customer642@mail.com,sold,Barley,2023-12-28,2024-05-30,14,350,154,29,2084.13,yes,43,0,2024-05-30,-2084.13
1245,Customer_1245,customer1245@mail.com,storing,Maize,2023-01-20,2023-02-24,93,2325,35,22,2387.0,partial,51,0,2023-02-24,-2387.0
1536,Customer_1536,customer1536@mail.com,sold,Wheat,2024-04-29,2024-07-19,181,9050,81,44,21502.8,partial,41,371050,2024-07-19,349547.2
1124,Customer_1124,customer1124@mail.com,stored,Rice,2024-03-11,2024-04-23,183,4575,43,47,12328.1,partial,37,169275,2024-04-23,156946.9
1666,Customer_1666,customer1666@mail.com,sold,Millet,2023-01-13,2023-07-06,146,7300,174,60,50808.0,no,44,0,2023-07-06,-50808.0
272,Customer_272,customer272@mail.com,storing,Maize,2023-09-15,2023-11-13,110,5500,59,24,5192.0,yes,47,0,2023-11-13,-5192.0
904,Customer_904,customer904@mail.com,storing,Barley,2023-10-12,2023-10-25,77,1925,13,38,1267.93,no,55,0,2023-10-25,-1267.93
1829,Customer_1829,customer1829@mail.com,sold,Maize,2023-02-19,2023-07-28,151,3775,159,23,18406.9,yes,42,0,2023-07-28,-18406.9
678,Customer_678,customer678@mail.com,storing,Wheat,2024-01-07,2024-05-24,37,925,138,29,4935.8,no,32,0,2024-05-24,-4935.8
791,Customer_791,customer791@mail.com,sold,Maize,2023-05-10,2023-10-08,34,1700,151,29,4962.87,yes,27,45900,2023-10-08,40937.13
153,Customer_153,customer153@mail.com,storing,Barley,2023-12-15,2024-05-07,179,8950,144,59,50692.8,no,41,366950,2024-05-07,316257.2
481,Customer_481,customer481@mail.com,storing,Wheat,2024-06-17,2024-11-19,62,1550,155,34,10891.33,partial,49,75950,2024-11-19,65058.67
1894,Customer_1894,customer1894@mail.com,storing,Wheat,2023-02-18,2023-04-26,23,1150,67,37,1900.57,yes,30,34500,2023-04-26,32599.43
1561,Customer_1561,customer1561@mail.com,storing,Millet,2023-12-26,2024-01-09,43,2150,14,36,722.4,yes,30,0,2024-01-09,-722.4
1501,Customer_1501,customer1501@mail.com,sold,Rice,2024-05-16,2024-06-13,53,1325,28,21,1038.8,partial,49,0,2024-06-13,-1038.8
1129,Customer_1129,customer1129@mail.com,storing,Rice,2023-06-15,2023-08-15,108,2700,61,56,12297.6,no,25,67500,2023-08-15,55202.4
1064,Customer_1064,customer1064@mail.com,sold,Wheat,2023-11-09,2024-04-12,114,5700,155,25,14725.0,no,34,0,2024-04-12,-14725.0
942,Customer_942,customer942@mail.com,storing,Millet,2023-01-23,2023-02-14,70,1750,22,55,2823.33,yes,37,0,2023-02-14,-2823.33
995,Customer_995,customer995@mail.com,sold,Barley,2024-06-02,2024-08-02,194,9700,61,55,21695.67,partial,32,0,2024-08-02,-21695.67
876,Customer_876,customer876@mail.com,storing,Rice,2023-12-21,2024-05-16,45,2250,147,25,5512.5,partial,50,0,2024-05-16,-5512.5
1305,Customer_1305,customer1305@mail.com,storing,Sorghum,2023-09-08,2024-03-05,194,4850,179,20,23150.67,partial,40,194000,2024-03-05,170849.33
497,Customer_497,customer497@mail.com,storing,Rice,2023-11-28,2024-05-22,142,7100,176,21,17494.4,no,45,0,2024-05-22,-17494.4
1857,Customer_1857,customer1857@mail.com,stored,Sorghum,2023-02-09,2023-06-20,28,1400,131,51,6235.6,no,44,61600,2023-06-20,55364.4
863,Customer_863,customer863@mail.com,stored,Millet,2023-11-01,2024-02-09,144,3600,100,33,15840.0,yes,40,144000,2024-02-09,128160.0
471,Customer_471,customer471@mail.com,sold,Barley,2024-03-18,2024-07-19,70,3500,123,58,16646.0,partial,51,178500,2024-07-19,161854.0
12,Customer_12,customer12@mail.com,sold,Barley,2023-10-28,2024-04-20,13,650,175,55,4170.83,yes,25,16250,2024-04-20,12079.17
903,Customer_903,customer903@mail.com,stored,Rice,2024-02-13,2024-07-18,19,475,156,32,3161.6,no,37,0,2024-07-18,-3161.6
922,Customer_922,customer922@mail.com,sold,Rice,2023-01-10,2023-02-18,129,3225,39,43,7211.1,no,46,0,2023-02-18,-7211.1
59,Customer_59,customer59@mail.com,storing,Maize,2023-09-30,2023-10-31,43,1075,31,50,2221.67,no,41,44075,2023-10-31,41853.33
1936,Customer_1936,customer1936@mail.com,stored,Rice,2023-04-01,2023-07-15,140,7000,105,33,16170.0,no,25,175000,2023-07-15,158830.0
1205,Customer_1205,customer1205@mail.com,storing,Rice,2023-03-07,2023-04-07,90,4500,31,33,3069.0,partial,26,117000,2023-04-07,113931.0
1581,Customer_1581,customer1581@mail.com,storing,Rice,2023-04-22,2023-05-03,10,500,11,45,165.0,no,43,0,2023-05-03,-165.0
1082,Customer_1082,customer1082@mail.com,storing,Sorghum,2024-03-08,2024-05-26,58,1450,79,46,7025.73,yes,40,0,2024-05-26,-7025.73
921,Customer_921,customer921@mail.com,sold,Barley,2024-05-21,2024-09-30,121,3025,132,47,25022.8,partial,53,160325,2024-09-30,135302.2
1891,Customer_1891,customer1891@mail.com,stored,Wheat,2023-12-26,2024-05-19,182,9100,145,31,27269.67,no,32,0,2024-05-19,-27269.67
424,Customer_424,customer424@mail.com,sold,Rice,2023-12-30,2024-02-17,16,400,49,52,1358.93,partial,45,0,2024-02-17,-1358.93
750,Customer_750,customer750@mail.com,stored,Barley,2023-01-22,2023-03-04,40,1000,41,22,1202.67,yes,33,0,2023-03-04,-1202.67
1223,Customer_1223,customer1223@mail.com,stored,Wheat,2023-02-25,2023-03-26,46,1150,29,44,1956.53,partial,39,44850,2023-03-26,42893.47
50,Customer_50,customer50@mail.com,storing,Barley,2023-07-26,2024-01-02,84,2100,160,45,20160.0,partial,47,0,2024-01-02,-20160.0
1142,Customer_1142,customer1142@mail.com,sold,Sorghum,2023-10-13,2024-03-30,11,275,169,26,1611.13,yes,44,12100,2024-03-30,10488.87
1086,Customer_1086,customer1086@mail.com,sold,Rice,2023-10-16,2024-04-02,185,4625,169,22,22927.67,partial,53,245125,2024-04-02,222197.33
838,Customer_838,customer838@mail.com,storing,Wheat,2023-06-07,2023-09-05,185,4625,90,43,23865.0,partial,53,245125,2023-09-05,221260.0
831,Customer_831,customer831@mail.com,stored,Barley,2023-01-09,2023-04-04,165,4125,85,56,26180.0,yes,49,0,2023-04-04,-26180.0
975,Customer_975,customer975@mail.com,storing,Wheat,2023-11-07,2023-12-10,114,2850,33,38,4765.2,partial,47,0,2023-12-10,-4765.2
1888,Customer_1888,customer1888@mail.com,sold,Maize,2024-01-26,2024-02-05,135,6750,10,39,1755.0,yes,46,310500,2024-02-05,308745.0
910,Customer_910,customer910@mail.com,stored,Barley,2023-04-19,2023-08-01,90,2250,104,39,12168.0,no,55,123750,2023-08-01,111582.0
1520,Customer_1520,customer1520@mail.com,stored,Rice,2023-11-07,2023-11-24,132,3300,17,24,1795.2,yes,54,178200,2023-11-24,176404.8
202,Customer_202,customer202@mail.com,stored,Rice,2023-12-16,2024-06-03,40,1000,170,35,7933.33,yes,29,0,2024-06-03,-7933.33
420,Customer_420,customer420@mail.com,sold,Millet,2023-12-05,2024-04-12,167,4175,129,23,16516.3,yes,48,200400,2024-04-12,183883.7
816,Customer_816,customer816@mail.com,storing,Rice,2024-06-11,2024-09-13,115,5750,94,37,13332.33,yes,52,0,2024-09-13,-13332.33
1555,Customer_1555,customer1555@mail.com,sold,Maize,2023-06-20,2023-07-29,53,2650,39,55,3789.5,partial,50,132500,2023-07-29,128710.5
1320,Customer_1320,customer1320@mail.com,sold,Sorghum,2023-06-07,2023-08-15,111,5550,69,48,12254.4,no,41,0,2023-08-15,-12254.4
1472,Customer_1472,customer1472@mail.com,storing,Wheat,2023-01-03,2023-05-17,64,3200,134,31,8861.87,yes,50,160000,2023-05-17,151138.13
1192,Customer_1192,customer1192@mail.com,sold,Barley,2023-06-13,2023-10-15,121,3025,124,30,15004.0,yes,40,121000,2023-10-15,105996.0
851,Customer_851,customer851@mail.com,stored,Barley,2023-02-19,2023-07-01,135,3375,132,38,22572.0,yes,55,0,2023-07-01,-22572.0
177,Customer_177,customer177@mail.com,stored,Barley,2023-05-08,2023-08-18,87,4350,102,45,13311.0,no,26,113100,2023-08-18,99789.0
569,Customer_569,customer569@mail.com,storing,Rice,2024-03-19,2024-06-17,95,2375,90,45,12825.0,partial,43,102125,2024-06-17,89300.0
438,Customer_438,customer438@mail.com,sold,Rice,2023-02-05,2023-02-17,87,2175,12,53,1844.4,no,38,82650,2023-02-17,80805.6
1819,Customer_1819,customer1819@mail.com,sold,Rice,2023-04-02,2023-09-18,192,4800,169,23,24876.8,no,46,0,2023-09-18,-24876.8
746,Customer_746,customer746@mail.com,sold,Wheat,2023-10-23,2024-02-01,148,3700,101,53,26408.13,yes,47,173900,2024-02-01,147491.87
1135,Customer_1135,customer1135@mail.com,stored,Rice,2024-03-20,2024-05-17,193,4825,58,37,13805.93,yes,30,144750,2024-05-17,130944.07
47,Customer_47,customer47@mail.com,stored,Sorghum,2023-02-27,2023-04-14,196,4900,46,34,10218.13,partial,44,0,2023-04-14,-10218.13
1847,Customer_1847,customer1847@mail.com,storing,Sorghum,2023-10-27,2023-11-23,78,3900,27,20,1404.0,yes,49,191100,2023-11-23,189696.0
360,Customer_360,customer360@mail.com,storing,Sorghum,2024-08-13,2024-09-15,172,4300,33,56,10595.2,partial,31,0,2024-09-15,-10595.2
763,Customer_763,customer763@mail.com,storing,Millet,2023-01-18,2023-05-04,160,8000,106,20,11306.67,no,27,0,2023-05-04,-11306.67
485,Customer_485,customer485@mail.com,stored,Maize,2024-05-18,2024-11-12,160,8000,178,40,37973.33,yes,44,352000,2024-11-12,314026.67
1095,Customer_1095,customer1095@mail.com,sold,Maize,2024-03-23,2024-05-12,27,1350,50,31,1395.0,no,53,0,2024-05-12,-1395.0
180,Customer_180,customer180@mail.com,stored,Millet,2024-06-28,2024-09-11,180,9000,75,40,18000.0,no,30,0,2024-09-11,-18000.0
1376,Customer_1376,customer1376@mail.com,storing,Wheat,2024-07-25,2025-01-13,82,4100,172,28,13163.73,no,41,168100,2025-01-13,154936.27
1680,Customer_1680,customer1680@mail.com,storing,Millet,2023-07-25,2023-12-21,54,2700,149,31,8314.2,yes,48,129600,2023-12-21,121285.8
1444,Customer_1444,customer1444@mail.com,stored,Wheat,2024-04-08,2024-08-17,56,1400,131,23,5624.27,yes,51,0,2024-08-17,-5624.27
1469,Customer_1469,customer1469@mail.com,stored,Millet,2024-03-30,2024-04-11,57,1425,12,44,1003.2,no,29,41325,2024-04-11,40321.8
1695,Customer_1695,customer1695@mail.com,stored,Sorghum,2023-06-23,2023-07-14,110,2750,21,54,4158.0,partial,39,107250,2023-07-14,103092.0
1724,Customer_1724,customer1724@mail.com,sold,Sorghum,2024-01-31,2024-07-26,89,2225,177,44,23104.4,partial,49,0,2024-07-26,-23104.4
830,Customer_830,customer830@mail.com,sold,Maize,2023-07-07,2023-10-21,25,1250,106,35,3091.67,yes,34,42500,2023-10-21,39408.33
445,Customer_445,customer445@mail.com,sold,Sorghum,2024-07-02,2024-07-14,128,6400,12,52,2662.4,yes,37,0,2024-07-14,-2662.4
238,Customer_238,customer238@mail.com,storing,Wheat,2023-10-28,2024-02-18,46,1150,113,60,10396.0,no,41,0,2024-02-18,-10396.0
717,Customer_717,customer717@mail.com,sold,Maize,2023-10-13,2024-03-17,152,3800,156,27,21340.8,yes,47,0,2024-03-17,-21340.8
984,Customer_984,customer984@mail.com,sold,Sorghum,2023-07-26,2024-01-03,39,1950,161,58,12139.4,no,44,0,2024-01-03,-12139.4
806,Customer_806,customer806@mail.com,sold,Wheat,2023-06-14,2023-08-04,153,7650,51,29,7542.9,partial,36,0,2023-08-04,-7542.9
1480,Customer_1480,customer1480@mail.com,storing,Sorghum,2023-11-29,2023-12-28,181,9050,29,56,9798.13,yes,52,470600,2023-12-28,460801.87
1467,Customer_1467,customer1467@mail.com,stored,Sorghum,2023-10-14,2023-12-12,185,4625,59,30,10915.0,no,43,198875,2023-12-12,187960.0
338,Customer_338,customer338@mail.com,sold,Barley,2024-01-16,2024-03-22,158,3950,66,40,13904.0,no,48,0,2024-03-22,-13904.0
704,Customer_704,customer704@mail.com,sold,Wheat,2023-12-24,2024-01-20,23,1150,27,31,641.7,partial,42,0,2024-01-20,-641.7
1654,Customer_1654,customer1654@mail.com,storing,Barley,2023-08-21,2024-02-02,80,2000,165,24,10560.0,partial,54,108000,2024-02-02,97440.0
77,Customer_77,customer77@mail.com,stored,Sorghum,2024-07-17,2024-12-03,19,950,139,34,2993.13,no,48,0,2024-12-03,-2993.13
112,Customer_112,customer112@mail.com,stored,Rice,2024-06-24,2024-07-31,29,725,37,52,1859.87,partial,54,0,2024-07-31,-1859.87
873,Customer_873,customer873@mail.com,sold,Wheat,2023-11-01,2023-12-29,190,4750,58,47,17264.67,partial,41,194750,2023-12-29,177485.33
1457,Customer_1457,customer1457@mail.com,sold,Maize,2023-06-03,2023-06-17,34,850,14,56,888.53,partial,33,0,2023-06-17,-888.53
1677,Customer_1677,customer1677@mail.com,storing,Millet,2024-04-19,2024-06-03,92,2300,45,21,2898.0,no,28,64400,2024-06-03,61502.0
1250,Customer_1250,customer1250@mail.com,stored,Sorghum,2023-06-04,2023-08-10,80,4000,67,35,6253.33,no,25,0,2023-08-10,-6253.33
451,Customer_451,customer451@mail.com,storing,Barley,2023-03-31,2023-07-05,81,4050,96,32,8294.4,no,27,109350,2023-07-05,101055.6
449,Customer_449,customer449@mail.com,stored,Sorghum,2023-11-11,2024-01-21,78,3900,71,34,6276.4,no,40,0,2024-01-21,-6276.4
1158,Customer_1158,customer1158@mail.com,sold,Sorghum,2024-03-13,2024-06-28,25,625,107,57,5082.5,yes,44,27500,2024-06-28,22417.5
1972,Customer_1972,customer1972@mail.com,sold,Rice,2023-10-17,2024-03-06,19,475,141,40,3572.0,no,44,0,2024-03-06,-3572.0
763,Customer_763,customer763@mail.com,storing,Wheat,2023-03-20,2023-06-26,146,3650,98,49,23369.73,no,33,0,2023-06-26,-23369.73
436,Customer_436,customer436@mail.com,stored,Rice,2023-01-24,2023-03-01,169,4225,36,43,8720.4,yes,25,0,2023-03-01,-8720.4
1171,Customer_1171,customer1171@mail.com,stored,Sorghum,2023-04-28,2023-06-29,100,5000,62,48,9920.0,yes,54,0,2023-06-29,-9920.0
90,Customer_90,customer90@mail.com,sold,Barley,2023-07-06,2023-12-20,122,3050,167,53,35994.07,partial,34,103700,2023-12-20,67705.93
338,Customer_338,customer338@mail.com,storing,Barley,2023-06-17,2023-09-18,136,3400,93,25,10540.0,partial,51,0,2023-09-18,-10540.0
115,Customer_115,customer115@mail.com,storing,Barley,2023-05-02,2023-10-26,67,1675,177,48,18974.4,no,36,0,2023-10-26,-18974.4
1012,Customer_1012,customer1012@mail.com,sold,Wheat,2023-04-12,2023-07-17,107,2675,96,50,17120.0,yes,38,101650,2023-07-17,84530.0
1387,Customer_1387,customer1387@mail.com,sold,Wheat,2023-09-10,2023-09-20,121,3025,10,60,2420.0,yes,43,130075,2023-09-20,127655.0
1548,Customer_1548,customer1548@mail.com,sold,Maize,2023-05-19,2023-10-16,191,9550,150,52,49660.0,yes,34,0,2023-10-16,-49660.0
51,Customer_51,customer51@mail.com,stored,Rice,2023-10-18,2024-02-22,165,8250,127,39,27241.5,no,33,0,2024-02-22,-27241.5
1857,Customer_1857,customer1857@mail.com,storing,Maize,2023-10-08,2024-03-25,83,2075,169,20,9351.33,partial,30,0,2024-03-25,-9351.33
843,Customer_843,customer843@mail.com,sold,Barley,2023-09-01,2024-01-15,198,4950,136,51,45777.6,yes,53,0,2024-01-15,-45777.6
1532,Customer_1532,customer1532@mail.com,storing,Wheat,2024-01-28,2024-07-15,25,625,169,36,5070.0,yes,44,0,2024-07-15,-5070.0
75,Customer_75,customer75@mail.com,stored,Maize,2023-05-14,2023-09-28,173,8650,137,21,16590.7,yes,25,0,2023-09-28,-16590.7
29,Customer_29,customer29@mail.com,sold,Rice,2023-10-13,2024-01-26,158,3950,105,38,21014.0,partial,37,146150,2024-01-26,125136.0
1076,Customer_1076,customer1076@mail.com,storing,Millet,2023-05-07,2023-10-03,189,4725,149,54,50689.8,yes,45,212625,2023-10-03,161935.2
111,Customer_111,customer111@mail.com,sold,Maize,2023-01-19,2023-03-20,69,3450,60,56,7728.0,yes,42,0,2023-03-20,-7728.0
802,Customer_802,customer802@mail.com,storing,Rice,2023-01-18,2023-06-23,197,9850,156,31,31756.4,yes,43,0,2023-06-23,-31756.4
1157,Customer_1157,customer1157@mail.com,storing,Maize,2024-08-01,2024-08-17,187,4675,16,44,4388.27,no,33,0,2024-08-17,-4388.27
1080,Customer_1080,customer1080@mail.com,stored,Sorghum,2023-12-07,2024-03-23,191,9550,107,47,32017.97,yes,46,0,2024-03-23,-32017.97
1221,Customer_1221,customer1221@mail.com,sold,Rice,2024-01-04,2024-05-13,124,3100,130,29,15582.67,partial,33,102300,2024-05-13,86717.33
1059,Customer_1059,customer1059@mail.com,storing,Maize,2023-09-02,2023-11-16,113,5650,75,56,15820.0,partial,50,0,2023-11-16,-15820.0
635,Customer_635,customer635@mail.com,storing,Millet,2023-03-08,2023-04-28,96,2400,51,52,8486.4,partial,26,62400,2023-04-28,53913.6
121,Customer_121,customer121@mail.com,stored,Rice,2023-01-22,2023-02-06,155,7750,15,51,3952.5,partial,43,0,2023-02-06,-3952.5
576,Customer_576,customer576@mail.com,sold,Wheat,2024-06-02,2024-06-12,62,1550,10,46,950.67,partial,46,71300,2024-06-12,70349.33
1479,Customer_1479,customer1479@mail.com,stored,Barley,2024-01-04,2024-04-21,91,2275,108,33,10810.8,yes,46,104650,2024-04-21,93839.2
1797,Customer_1797,customer1797@mail.com,stored,Maize,2023-01-07,2023-02-14,29,1450,38,39,1432.6,no,30,43500,2023-02-14,42067.4
1582,Customer_1582,customer1582@mail.com,storing,Sorghum,2024-05-20,2024-07-19,80,2000,60,23,3680.0,no,47,0,2024-07-19,-3680.0
1604,Customer_1604,customer1604@mail.com,stored,Wheat,2023-11-21,2024-01-24,58,2900,64,50,6186.67,no,53,0,2024-01-24,-6186.67
1808,Customer_1808,customer1808@mail.com,storing,Rice,2023-01-01,2023-02-13,137,6850,43,37,7265.57,no,28,0,2023-02-13,-7265.57
588,Customer_588,customer588@mail.com,storing,Sorghum,2024-04-02,2024-05-05,174,8700,33,41,7847.4,yes,34,295800,2024-05-05,287952.6
686,Customer_686,customer686@mail.com,stored,Sorghum,2024-05-08,2024-06-29,25,1250,52,33,1430.0,partial,26,0,2024-06-29,-1430.0
1803,Customer_1803,customer1803@mail.com,stored,Sorghum,2024-08-13,2025-01-07,190,4750,147,22,20482.0,yes,32,152000,2025-01-07,131518.0
1295,Customer_1295,customer1295@mail.com,storing,Wheat,2023-04-10,2023-06-27,116,2900,78,41,12365.6,partial,49,0,2023-06-27,-12365.6
399,Customer_399,customer399@mail.com,storing,Wheat,2023-08-13,2023-12-09,34,850,118,58,7756.53,partial,47,0,2023-12-09,-7756.53
982,Customer_982,customer982@mail.com,storing,Barley,2023-10-21,2024-01-13,13,650,84,39,1419.6,no,50,32500,2024-01-13,31080.4
1725,Customer_1725,customer1725@mail.com,storing,Sorghum,2024-08-16,2024-08-29,52,2600,13,60,1352.0,partial,40,0,2024-08-29,-1352.0
1987,Customer_1987,customer1987@mail.com,sold,Maize,2023-09-01,2023-12-25,63,3150,115,40,9660.0,no,55,0,2023-12-25,-9660.0
314,Customer_314,customer314@mail.com,stored,Millet,2023-10-14,2024-02-03,103,2575,112,34,13074.13,yes,47,121025,2024-02-03,107950.87
731,Customer_731,customer731@mail.com,sold,Barley,2023-11-29,2024-03-13,97,2425,105,53,17993.5,yes,51,123675,2024-03-13,105681.5
1078,Customer_1078,customer1078@mail.com,storing,Barley,2023-01-28,2023-04-28,117,2925,90,39,13689.0,partial,55,0,2023-04-28,-13689.0
188,Customer_188,customer188@mail.com,sold,Wheat,2024-03-30,2024-09-15,190,4750,169,60,64220.0,yes,53,251750,2024-09-15,187530.0
913,Customer_913,customer913@mail.com,stored,Sorghum,2023-09-02,2023-11-26,87,2175,85,21,5176.5,yes,46,0,2023-11-26,-5176.5
162,Customer_162,customer162@mail.com,sold,Rice,2023-06-11,2023-07-07,186,9300,26,34,5480.8,no,47,437100,2023-07-07,431619.2
297,Customer_297,customer297@mail.com,storing,Millet,2023-09-12,2023-12-10,194,4850,89,53,30503.27,no,48,232800,2023-12-10,202296.73
1349,Customer_1349,customer1349@mail.com,sold,Wheat,2023-05-24,2023-06-25,106,2650,32,51,5766.4,partial,26,68900,2023-06-25,63133.6
1011,Customer_1011,customer1011@mail.com,storing,Maize,2023-04-11,2023-08-15,99,4950,126,31,12889.8,partial,51,252450,2023-08-15,239560.2
1860,Customer_1860,customer1860@mail.com,storing,Maize,2023-10-09,2024-02-23,149,7450,137,45,30619.5,no,29,216050,2024-02-23,185430.5
1289,Customer_1289,customer1289@mail.com,storing,Millet,2023-04-24,2023-07-15,197,9850,82,49,26384.87,yes,44,0,2023-07-15,-26384.87
1963,Customer_1963,customer1963@mail.com,stored,Millet,2023-11-08,2024-03-12,107,5350,125,25,11145.83,no,34,0,2024-03-12,-11145.83
1542,Customer_1542,customer1542@mail.com,sold,Millet,2023-10-25,2024-03-02,195,4875,129,27,22639.5,yes,49,238875,2024-03-02,216235.5
1811,Customer_1811,customer1811@mail.com,stored,Rice,2024-08-21,2024-10-05,84,2100,45,52,6552.0,yes,54,0,2024-10-05,-6552.0
750,Customer_750,customer750@mail.com,sold,Barley,2023-08-17,2023-10-30,63,1575,74,46,7148.4,partial,48,0,2023-10-30,-7148.4
995,Customer_995,customer995@mail.com,sold,Maize,2024-03-11,2024-04-30,191,9550,50,27,8595.0,yes,29,0,2024-04-30,-8595.0
1741,Customer_1741,customer1741@mail.com,stored,Maize,2023-01-04,2023-03-17,92,4600,72,36,7948.8,no,31,142600,2023-03-17,134651.2
467,Customer_467,customer467@mail.com,stored,Millet,2023-06-25,2023-07-18,199,9950,23,41,6255.23,partial,36,358200,2023-07-18,351944.77
1678,Customer_1678,customer1678@mail.com,storing,Maize,2023-07-07,2023-10-18,112,2800,103,21,8075.2,no,39,109200,2023-10-18,101124.8
246,Customer_246,customer246@mail.com,storing,Maize,2023-11-13,2023-11-25,137,6850,12,21,1150.8,no,44,0,2023-11-25,-1150.8
1061,Customer_1061,customer1061@mail.com,storing,Sorghum,2023-02-03,2023-03-10,134,6700,35,33,5159.0,no,32,214400,2023-03-10,209241.0
20,Customer_20,customer20@mail.com,stored,Rice,2024-06-20,2024-10-31,156,7800,133,60,41496.0,no,52,0,2024-10-31,-41496.0
96,Customer_96,customer96@mail.com,stored,Rice,2023-04-02,2023-09-09,199,4975,160,56,59434.67,partial,50,248750,2023-09-09,189315.33
1190,Customer_1190,customer1190@mail.com,storing,Sorghum,2023-06-29,2023-12-11,99,2475,165,38,20691.0,partial,55,0,2023-12-11,-20691.0
1456,Customer_1456,customer1456@mail.com,storing,Barley,2023-07-01,2023-11-01,53,2650,123,26,5649.8,partial,49,0,2023-11-01,-5649.8
932,Customer_932,customer932@mail.com,sold,Barley,2023-02-05,2023-06-26,106,2650,141,20,9964.0,no,29,76850,2023-06-26,66886.0
212,Customer_212,customer212@mail.com,sold,Maize,2023-11-15,2024-04-13,41,2050,150,21,4305.0,partial,29,59450,2024-04-13,55145.0
995,Customer_995,customer995@mail.com,sold,Millet,2023-10-25,2023-12-26,91,4550,62,42,7898.8,no,29,131950,2023-12-26,124051.2
727,Customer_727,customer727@mail.com,storing,Sorghum,2023-06-17,2023-11-11,183,4575,147,33,29591.1,partial,46,210450,2023-11-11,180858.9
182,Customer_182,customer182@mail.com,sold,Barley,2024-01-20,2024-03-08,55,1375,48,59,5192.0,yes,25,0,2024-03-08,-5192.0
77,Customer_77,customer77@mail.com,sold,Wheat,2024-07-26,2024-09-04,41,1025,40,45,2460.0,no,45,0,2024-09-04,-2460.0
760,Customer_760,customer760@mail.com,stored,Maize,2024-03-11,2024-05-05,169,4225,55,38,11773.67,no,47,198575,2024-05-05,186801.33
1407,Customer_1407,customer1407@mail.com,storing,Barley,2023-06-11,2023-10-20,94,2350,131,45,18471.0,yes,47,110450,2023-10-20,91979.0
961,Customer_961,customer961@mail.com,stored,Maize,2023-10-08,2024-01-03,36,1800,87,27,2818.8,partial,46,0,2024-01-03,-2818.8
62,Customer_62,customer62@mail.com,sold,Millet,2024-08-09,2024-12-20,11,550,133,53,2584.63,partial,25,13750,2024-12-20,11165.37
602,Customer_602,customer602@mail.com,sold,Millet,2024-05-31,2024-08-05,182,9100,66,49,19619.6,partial,52,473200,2024-08-05,453580.4
790,Customer_790,customer790@mail.com,sold,Sorghum,2023-05-26,2023-09-09,154,3850,106,32,17412.27,partial,31,0,2023-09-09,-17412.27
23,Customer_23,customer23@mail.com,stored,Barley,2024-08-01,2025-01-15,199,9950,167,55,60927.17,partial,28,278600,2025-01-15,217672.83
874,Customer_874,customer874@mail.com,sold,Wheat,2023-03-19,2023-05-23,96,2400,65,33,6864.0,no,51,0,2023-05-23,-6864.0
438,Customer_438,customer438@mail.com,stored,Barley,2024-03-21,2024-09-07,55,2750,170,53,16518.33,no,46,126500,2024-09-07,109981.67
120,Customer_120,customer120@mail.com,storing,Sorghum,2023-03-30,2023-05-18,130,6500,49,48,10192.0,no,45,292500,2023-05-18,282308.0
565,Customer_565,customer565@mail.com,sold,Wheat,2023-09-05,2024-02-28,114,2850,176,33,22070.4,no,27,76950,2024-02-28,54879.6
632,Customer_632,customer632@mail.com,sold,Wheat,2023-11-22,2024-04-18,119,2975,148,55,32288.67,partial,54,0,2024-04-18,-32288.67
489,Customer_489,customer489@mail.com,storing,Sorghum,2023-03-15,2023-07-09,144,7200,116,23,12806.4,partial,39,280800,2023-07-09,267993.6
661,Customer_661,customer661@mail.com,stored,Sorghum,2023-07-08,2023-12-13,101,5050,158,29,15426.07,no,54,272700,2023-12-13,257273.93
879,Customer_879,customer879@mail.com,sold,Rice,2023-09-13,2024-01-08,148,7400,117,21,12121.2,yes,31,229400,2024-01-08,217278.8
1399,Customer_1399,customer1399@mail.com,storing,Wheat,2024-04-04,2024-08-04,158,7900,122,48,30841.6,yes,54,0,2024-08-04,-30841.6
1079,Customer_1079,customer1079@mail.com,sold,Rice,2023-07-25,2023-11-10,168,8400,108,36,21772.8,partial,25,0,2023-11-10,-21772.8
1259,Customer_1259,customer1259@mail.com,stored,Sorghum,2023-01-11,2023-05-05,175,4375,114,42,27930.0,no,40,0,2023-05-05,-27930.0
1171,Customer_1171,customer1171@mail.com,sold,Sorghum,2024-03-30,2024-05-18,52,2600,49,46,3906.93,no,54,0,2024-05-18,-3906.93
1149,Customer_1149,customer1149@mail.com,stored,Barley,2023-04-11,2023-09-23,165,8250,165,50,45375.0,yes,53,0,2023-09-23,-45375.0
66,Customer_66,customer66@mail.com,sold,Barley,2023-05-26,2023-06-15,120,3000,20,33,2640.0,partial,31,93000,2023-06-15,90360.0
1080,Customer_1080,customer1080@mail.com,stored,Wheat,2023-04-28,2023-10-23,164,4100,178,52,50599.47,no,53,0,2023-10-23,-50599.47
1505,Customer_1505,customer1505@mail.com,sold,Barley,2023-06-04,2023-08-04,140,7000,61,50,14233.33,partial,37,0,2023-08-04,-14233.33
1238,Customer_1238,customer1238@mail.com,sold,Millet,2024-08-19,2024-09-25,199,9950,37,29,7117.57,yes,39,0,2024-09-25,-7117.57
1483,Customer_1483,customer1483@mail.com,storing,Maize,2024-07-07,2024-09-24,67,1675,79,51,8998.1,yes,26,43550,2024-09-24,34551.9
1622,Customer_1622,customer1622@mail.com,storing,Sorghum,2023-06-07,2023-11-18,30,1500,164,20,3280.0,yes,46,69000,2023-11-18,65720.0
1488,Customer_1488,customer1488@mail.com,sold,Wheat,2023-05-12,2023-09-18,13,650,129,26,1453.4,no,48,31200,2023-09-18,29746.6
665,Customer_665,customer665@mail.com,stored,Millet,2023-04-17,2023-07-11,183,4575,85,34,17629.0,yes,35,160125,2023-07-11,142496.0
511,Customer_511,customer511@mail.com,storing,Rice,2024-03-18,2024-05-12,107,5350,55,22,4315.67,no,37,197950,2024-05-12,193634.33
485,Customer_485,customer485@mail.com,storing,Sorghum,2024-02-14,2024-08-05,132,3300,173,54,41104.8,yes,33,0,2024-08-05,-41104.8
1783,Customer_1783,customer1783@mail.com,storing,Rice,2023-04-29,2023-10-01,187,9350,155,41,39612.83,no,29,271150,2023-10-01,231537.17
961,Customer_961,customer961@mail.com,stored,Millet,2023-10-02,2024-03-02,105,5250,152,50,26600.0,yes,29,152250,2024-03-02,125650.0
203,Customer_203,customer203@mail.com,stored,Maize,2023-02-03,2023-03-12,100,2500,37,32,3946.67,no,35,0,2023-03-12,-3946.67
242,Customer_242,customer242@mail.com,storing,Wheat,2024-01-06,2024-01-31,166,4150,25,36,4980.0,partial,27,0,2024-01-31,-4980.0
972,Customer_972,customer972@mail.com,stored,Maize,2024-04-11,2024-08-07,36,1800,118,26,3681.6,partial,40,72000,2024-08-07,68318.4
1009,Customer_1009,customer1009@mail.com,sold,Millet,2024-08-15,2024-10-21,79,3950,67,24,4234.4,partial,46,0,2024-10-21,-4234.4
220,Customer_220,customer220@mail.com,stored,Rice,2024-05-16,2024-10-02,38,1900,139,42,7394.8,yes,34,64600,2024-10-02,57205.2
545,Customer_545,customer545@mail.com,storing,Maize,2023-04-16,2023-09-11,29,1450,148,41,5865.73,no,31,0,2023-09-11,-5865.73
1636,Customer_1636,customer1636@mail.com,storing,Sorghum,2023-12-22,2024-04-01,27,1350,101,51,4635.9,no,47,63450,2024-04-01,58814.1
839,Customer_839,customer839@mail.com,storing,Millet,2023-03-10,2023-07-01,72,3600,113,33,8949.6,no,53,190800,2023-07-01,181850.4
1398,Customer_1398,customer1398@mail.com,storing,Rice,2024-02-14,2024-06-12,124,3100,119,23,11312.93,partial,27,83700,2024-06-12,72387.07
39,Customer_39,customer39@mail.com,storing,Rice,2024-04-08,2024-08-27,195,9750,141,55,50407.5,yes,28,273000,2024-08-27,222592.5
773,Customer_773,customer773@mail.com,sold,Wheat,2023-05-10,2023-05-22,58,1450,12,21,487.2,no,35,0,2023-05-22,-487.2
1745,Customer_1745,customer1745@mail.com,sold,Millet,2024-05-20,2024-10-01,170,4250,134,42,31892.0,partial,32,0,2024-10-01,-31892.0
1933,Customer_1933,customer1933@mail.com,stored,Rice,2023-03-04,2023-03-24,183,4575,20,41,5002.0,no,43,0,2023-03-24,-5002.0
932,Customer_932,customer932@mail.com,storing,Sorghum,2023-12-29,2024-03-12,25,1250,74,20,1233.33,no,32,40000,2024-03-12,38766.67
1570,Customer_1570,customer1570@mail.com,stored,Barley,2023-12-08,2024-02-07,168,4200,61,60,20496.0,partial,49,0,2024-02-07,-20496.0
157,Customer_157,customer157@mail.com,storing,Barley,2024-07-20,2024-12-18,79,3950,151,36,14314.8,partial,35,138250,2024-12-18,123935.2
1537,Customer_1537,customer1537@mail.com,storing,Sorghum,2023-09-01,2024-01-17,182,9100,138,53,44371.6,yes,42,0,2024-01-17,-44371.6
359,Customer_359,customer359@mail.com,sold,Barley,2024-06-09,2024-07-19,26,650,40,38,1317.33,no,53,0,2024-07-19,-1317.33
530,Customer_530,customer530@mail.com,stored,Barley,2023-03-31,2023-07-09,110,2750,100,21,7700.0,no,33,0,2023-07-09,-7700.0
543,Customer_543,customer543@mail.com,storing,Wheat,2024-04-23,2024-09-26,187,4675,156,27,26254.8,no,50,233750,2024-09-26,207495.2
933,Customer_933,customer933@mail.com,sold,Wheat,2023-10-19,2023-12-11,108,5400,53,33,6296.4,yes,45,243000,2023-12-11,236703.6
1154,Customer_1154,customer1154@mail.com,stored,Rice,2023-12-29,2024-06-19,60,3000,173,33,11418.0,no,46,0,2024-06-19,-11418.0
1126,Customer_1126,customer1126@mail.com,sold,Wheat,2024-05-05,2024-08-20,41,1025,107,58,8481.53,yes,29,29725,2024-08-20,21243.47
844,Customer_844,customer844@mail.com,stored,Maize,2023-08-02,2023-09-09,185,9250,38,58,13591.33,yes,35,0,2023-09-09,-13591.33
1673,Customer_1673,customer1673@mail.com,stored,Rice,2024-07-31,2024-09-13,190,4750,44,24,6688.0,yes,27,0,2024-09-13,-6688.0
829,Customer_829,customer829@mail.com,storing,Millet,2024-07-10,2024-08-24,198,9900,45,44,13068.0,yes,31,0,2024-08-24,-13068.0
813,Customer_813,customer813@mail.com,stored,Millet,2023-03-12,2023-08-16,18,900,157,21,1978.2,yes,44,0,2023-08-16,-1978.2
1114,Customer_1114,customer1114@mail.com,sold,Sorghum,2023-03-11,2023-05-09,186,4650,59,20,7316.0,partial,54,251100,2023-05-09,243784.0
917,Customer_917,customer917@mail.com,stored,Rice,2024-01-02,2024-06-03,119,2975,153,28,16993.2,no,50,148750,2024-06-03,131756.8
1231,Customer_1231,customer1231@mail.com,sold,Barley,2023-05-26,2023-09-30,158,3950,127,20,13377.33,yes,55,0,2023-09-30,-13377.33
1991,Customer_1991,customer1991@mail.com,stored,Millet,2023-09-12,2024-02-08,31,775,149,58,8930.07,no,41,0,2024-02-08,-8930.07
836,Customer_836,customer836@mail.com,storing,Barley,2023-04-06,2023-04-17,19,475,11,21,146.3,partial,42,19950,2023-04-17,19803.7
307,Customer_307,customer307@mail.com,sold,Rice,2024-08-21,2024-12-06,70,1750,107,32,7989.33,partial,44,0,2024-12-06,-7989.33
1150,Customer_1150,customer1150@mail.com,storing,Sorghum,2024-08-22,2024-12-08,43,2150,108,20,3096.0,partial,30,0,2024-12-08,-3096.0
209,Customer_209,customer209@mail.com,storing,Millet,2024-03-25,2024-08-11,15,750,139,55,3822.5,no,30,22500,2024-08-11,18677.5
934,Customer_934,customer934@mail.com,sold,Rice,2023-10-20,2024-02-09,29,725,112,60,6496.0,yes,45,32625,2024-02-09,26129.0
1698,Customer_1698,customer1698@mail.com,sold,Sorghum,2024-04-07,2024-08-25,37,925,140,56,9669.33,yes,29,26825,2024-08-25,17155.67
672,Customer_672,customer672@mail.com,sold,Wheat,2023-09-08,2023-11-16,53,1325,69,28,3413.2,partial,30,39750,2023-11-16,36336.8
171,Customer_171,customer171@mail.com,stored,Maize,2023-08-26,2024-02-07,24,1200,165,57,7524.0,yes,40,0,2024-02-07,-7524.0
863,Customer_863,customer863@mail.com,sold,Rice,2024-04-06,2024-04-29,89,4450,23,43,2934.03,partial,45,0,2024-04-29,-2934.03
406,Customer_406,customer406@mail.com,sold,Sorghum,2024-05-10,2024-06-04,185,9250,25,33,5087.5,partial,41,379250,2024-06-04,374162.5
1977,Customer_1977,customer1977@mail.com,stored,Rice,2024-02-13,2024-07-19,142,3550,157,27,20064.6,yes,39,138450,2024-07-19,118385.4
144,Customer_144,customer144@mail.com,sold,Maize,2024-08-23,2024-09-08,131,6550,16,51,3563.2,no,54,353700,2024-09-08,350136.8
683,Customer_683,customer683@mail.com,storing,Rice,2024-07-30,2024-09-25,198,9900,57,46,17305.2,yes,53,524700,2024-09-25,507394.8
1947,Customer_1947,customer1947@mail.com,storing,Maize,2023-02-06,2023-03-08,34,1700,30,36,1224.0,yes,49,0,2023-03-08,-1224.0
1124,Customer_1124,customer1124@mail.com,stored,Sorghum,2024-08-03,2024-10-14,169,8450,72,32,12979.2,no,25,211250,2024-10-14,198270.8
1181,Customer_1181,customer1181@mail.com,stored,Sorghum,2024-03-08,2024-06-13,61,3050,97,58,11439.53,yes,27,0,2024-06-13,-11439.53
168,Customer_168,customer168@mail.com,sold,Millet,2023-12-21,2024-01-02,21,1050,12,57,478.8,no,38,0,2024-01-02,-478.8
1035,Customer_1035,customer1035@mail.com,stored,Millet,2023-02-05,2023-06-08,52,1300,123,58,12365.6,partial,32,41600,2023-06-08,29234.4
1642,Customer_1642,customer1642@mail.com,sold,Wheat,2023-05-14,2023-09-04,36,900,113,37,5017.2,no,49,0,2023-09-04,-5017.2
251,Customer_251,customer251@mail.com,sold,Maize,2023-09-12,2023-12-05,25,625,84,30,2100.0,no,46,0,2023-12-05,-2100.0
1318,Customer_1318,customer1318@mail.com,storing,Wheat,2024-03-11,2024-05-14,11,275,64,59,1384.53,yes,48,0,2024-05-14,-1384.53
1388,Customer_1388,customer1388@mail.com,storing,Maize,2023-11-07,2023-11-24,191,9550,17,22,2381.13,no,25,238750,2023-11-24,236368.87
1214,Customer_1214,customer1214@mail.com,stored,Maize,2024-01-27,2024-03-21,135,3375,54,24,5832.0,yes,48,0,2024-03-21,-5832.0
301,Customer_301,customer301@mail.com,sold,Barley,2024-04-21,2024-07-22,53,2650,92,48,7801.6,no,43,0,2024-07-22,-7801.6
676,Customer_676,customer676@mail.com,storing,Millet,2023-09-09,2023-11-03,184,4600,55,58,19565.33,yes,51,234600,2023-11-03,215034.67
330,Customer_330,customer330@mail.com,storing,Sorghum,2023-10-15,2024-01-01,102,5100,78,34,9016.8,partial,48,244800,2024-01-01,235783.2
1257,Customer_1257,customer1257@mail.com,sold,Sorghum,2023-08-02,2023-08-14,63,1575,12,47,1184.4,no,54,0,2023-08-14,-1184.4
609,Customer_609,customer609@mail.com,stored,Wheat,2023-10-20,2023-11-07,111,5550,18,22,1465.2,no,26,144300,2023-11-07,142834.8
1853,Customer_1853,customer1853@mail.com,storing,Rice,2024-06-02,2024-06-26,94,4700,24,43,3233.6,no,30,0,2024-06-26,-3233.6
1002,Customer_1002,customer1002@mail.com,stored,Millet,2024-05-08,2024-09-12,144,7200,127,44,26822.4,partial,45,0,2024-09-12,-26822.4
1148,Customer_1148,customer1148@mail.com,stored,Rice,2023-07-28,2023-09-22,188,4700,56,50,17546.67,yes,40,0,2023-09-22,-17546.67
1971,Customer_1971,customer1971@mail.com,sold,Rice,2023-10-13,2024-01-04,99,2475,83,38,10408.2,no,43,0,2024-01-04,-10408.2
1640,Customer_1640,customer1640@mail.com,storing,Wheat,2023-04-10,2023-09-04,96,2400,147,60,28224.0,partial,53,127200,2023-09-04,98976.0
1094,Customer_1094,customer1094@mail.com,sold,Sorghum,2023-03-31,2023-07-23,100,2500,114,22,8360.0,yes,44,110000,2023-07-23,101640.0
1432,Customer_1432,customer1432@mail.com,stored,Rice,2024-04-22,2024-08-03,98,2450,103,56,18842.13,yes,54,0,2024-08-03,-18842.13
23,Customer_23,customer23@mail.com,storing,Rice,2024-06-05,2024-11-26,194,9700,174,23,25879.6,no,48,465600,2024-11-26,439720.4
714,Customer_714,customer714@mail.com,stored,Barley,2024-02-21,2024-05-28,197,9850,97,26,16561.13,partial,25,0,2024-05-28,-16561.13
1288,Customer_1288,customer1288@mail.com,sold,Millet,2023-07-21,2023-09-22,172,4300,63,57,20588.4,no,52,0,2023-09-22,-20588.4
805,Customer_805,customer805@mail.com,storing,Rice,2023-12-25,2024-03-23,188,4700,89,46,25655.73,yes,34,0,2024-03-23,-25655.73
709,Customer_709,customer709@mail.com,storing,Rice,2023-08-05,2023-09-27,91,4550,53,24,3858.4,no,26,0,2023-09-27,-3858.4
735,Customer_735,customer735@mail.com,storing,Barley,2023-06-29,2023-11-18,90,2250,142,45,19170.0,no,32,72000,2023-11-18,52830.0
1405,Customer_1405,customer1405@mail.com,stored,Millet,2023-09-28,2024-03-13,122,6100,167,23,15620.07,no,41,0,2024-03-13,-15620.07
656,Customer_656,customer656@mail.com,stored,Barley,2023-05-11,2023-07-14,51,1275,64,42,4569.6,no,35,44625,2023-07-14,40055.4
1420,Customer_1420,customer1420@mail.com,stored,Maize,2023-06-16,2023-09-28,119,2975,104,52,21451.73,yes,46,0,2023-09-28,-21451.73
489,Customer_489,customer489@mail.com,stored,Wheat,2024-08-02,2024-12-26,180,9000,146,27,23652.0,yes,26,0,2024-12-26,-23652.0
308,Customer_308,customer308@mail.com,stored,Millet,2023-07-31,2024-01-08,174,8700,161,35,32683.0,yes,31,269700,2024-01-08,237017.0
1464,Customer_1464,customer1464@mail.com,stored,Sorghum,2024-03-13,2024-03-25,115,5750,12,45,2070.0,yes,44,0,2024-03-25,-2070.0
45,Customer_45,customer45@mail.com,stored,Maize,2023-05-28,2023-10-17,107,5350,142,24,12155.2,no,43,0,2023-10-17,-12155.2
1628,Customer_1628,customer1628@mail.com,sold,Sorghum,2024-08-11,2025-01-17,24,1200,159,22,2798.4,partial,49,0,2025-01-17,-2798.4
1308,Customer_1308,customer1308@mail.com,sold,Sorghum,2023-07-28,2024-01-20,63,1575,176,38,14044.8,yes,48,75600,2024-01-20,61555.2
1832,Customer_1832,customer1832@mail.com,storing,Rice,2024-06-11,2024-08-05,86,4300,55,26,4099.33,partial,47,202100,2024-08-05,198000.67
1797,Customer_1797,customer1797@mail.com,sold,Sorghum,2024-04-26,2024-05-22,140,7000,26,48,5824.0,no,52,0,2024-05-22,-5824.0
1425,Customer_1425,customer1425@mail.com,sold,Sorghum,2023-01-27,2023-03-02,199,9950,34,49,11051.13,yes,44,437800,2023-03-02,426748.87
1305,Customer_1305,customer1305@mail.com,sold,Sorghum,2024-07-22,2024-10-06,101,2525,76,22,5629.07,yes,27,0,2024-10-06,-5629.07
1162,Customer_1162,customer1162@mail.com,stored,Sorghum,2023-12-31,2024-05-17,183,4575,138,50,42090.0,yes,44,201300,2024-05-17,159210.0
1140,Customer_1140,customer1140@mail.com,stored,Barley,2024-08-10,2024-10-19,46,1150,70,36,3864.0,no,46,0,2024-10-19,-3864.0
538,Customer_538,customer538@mail.com,sold,Maize,2023-09-08,2024-01-11,59,2950,125,59,14504.17,yes,32,94400,2024-01-11,79895.83
1536,Customer_1536,customer1536@mail.com,sold,Millet,2024-01-09,2024-04-20,135,6750,102,31,14229.0,no,42,0,2024-04-20,-14229.0
265,Customer_265,customer265@mail.com,storing,Wheat,2024-05-31,2024-11-19,156,3900,172,29,25937.6,yes,52,0,2024-11-19,-25937.6
1336,Customer_1336,customer1336@mail.com,sold,Wheat,2023-12-16,2024-03-09,195,9750,84,59,32214.0,yes,31,302250,2024-03-09,270036.0
1624,Customer_1624,customer1624@mail.com,stored,Millet,2023-02-04,2023-06-02,159,3975,118,25,15635.0,partial,26,103350,2023-06-02,87715.0
214,Customer_214,customer214@mail.com,sold,Millet,2023-05-21,2023-08-22,75,1875,93,44,10230.0,yes,40,0,2023-08-22,-10230.0
148,Customer_148,customer148@mail.com,storing,Rice,2023-04-20,2023-06-12,171,8550,53,39,11781.9,partial,43,367650,2023-06-12,355868.1
1862,Customer_1862,customer1862@mail.com,sold,Maize,2023-03-21,2023-08-03,97,2425,135,33,14404.5,yes,45,109125,2023-08-03,94720.5
3,Customer_3,customer3@mail.com,storing,Sorghum,2023-01-02,2023-03-29,69,1725,86,35,6923.0,no,49,0,2023-03-29,-6923.0
1856,Customer_1856,customer1856@mail.com,storing,Maize,2024-02-15,2024-03-31,135,6750,45,29,5872.5,no,50,337500,2024-03-31,331627.5
28,Customer_28,customer28@mail.com,stored,Rice,2024-06-06,2024-08-15,58,1450,70,58,7849.33,yes,53,0,2024-08-15,-7849.33
1222,Customer_1222,customer1222@mail.com,sold,Maize,2024-07-24,2024-08-21,29,1450,28,23,622.53,no,55,79750,2024-08-21,79127.47
1620,Customer_1620,customer1620@mail.com,sold,Barley,2023-11-06,2024-01-24,20,1000,79,46,2422.67,no,42,0,2024-01-24,-2422.67
1056,Customer_1056,customer1056@mail.com,stored,Millet,2024-06-05,2024-11-23,108,5400,171,25,15390.0,yes,48,259200,2024-11-23,243810.0
1634,Customer_1634,customer1634@mail.com,sold,Rice,2023-01-13,2023-04-26,96,2400,103,47,15491.2,partial,51,122400,2023-04-26,106908.8
810,Customer_810,customer810@mail.com,storing,Wheat,2023-06-12,2023-10-13,31,1550,123,21,2669.1,yes,51,79050,2023-10-13,76380.9
1102,Customer_1102,customer1102@mail.com,stored,Wheat,2023-06-20,2023-12-02,57,1425,165,56,17556.0,yes,50,71250,2023-12-02,53694.0
187,Customer_187,customer187@mail.com,sold,Rice,2023-08-12,2023-10-27,68,1700,76,32,5512.53,partial,29,0,2023-10-27,-5512.53
1117,Customer_1117,customer1117@mail.com,storing,Rice,2023-01-24,2023-05-25,94,2350,121,36,13648.8,yes,39,91650,2023-05-25,78001.2
586,Customer_586,customer586@mail.com,storing,Sorghum,2023-04-21,2023-07-03,154,7700,73,48,17987.2,partial,55,423500,2023-07-03,405512.8
1826,Customer_1826,customer1826@mail.com,sold,Maize,2023-09-08,2023-11-13,128,6400,66,22,6195.2,yes,29,185600,2023-11-13,179404.8
429,Customer_429,customer429@mail.com,stored,Barley,2023-06-07,2023-08-06,107,5350,60,41,8774.0,partial,34,181900,2023-08-06,173126.0
1241,Customer_1241,customer1241@mail.com,sold,Millet,2024-06-19,2024-10-16,84,2100,119,58,19325.6,no,38,79800,2024-10-16,60474.4
42,Customer_42,customer42@mail.com,storing,Rice,2023-12-07,2024-05-24,29,725,169,55,8985.17,yes,55,39875,2024-05-24,30889.83
199,Customer_199,customer199@mail.com,sold,Maize,2024-07-02,2024-08-22,45,1125,51,39,2983.5,yes,55,0,2024-08-22,-2983.5
403,Customer_403,customer403@mail.com,storing,Wheat,2023-05-07,2023-08-05,55,1375,90,57,9405.0,no,50,0,2023-08-05,-9405.0
1396,Customer_1396,customer1396@mail.com,sold,Wheat,2024-02-23,2024-03-26,29,725,32,20,618.67,partial,41,29725,2024-03-26,29106.33
851,Customer_851,customer851@mail.com,storing,Sorghum,2023-12-17,2024-04-19,119,5950,124,44,21642.13,partial,38,0,2024-04-19,-21642.13
1906,Customer_1906,customer1906@mail.com,storing,Sorghum,2024-08-02,2025-01-02,151,7550,153,49,37734.9,yes,38,0,2025-01-02,-37734.9
740,Customer_740,customer740@mail.com,storing,Barley,2024-03-10,2024-04-01,197,9850,22,37,5345.27,yes,39,384150,2024-04-01,378804.73
1069,Customer_1069,customer1069@mail.com,sold,Millet,2023-02-17,2023-05-16,143,7150,88,23,9647.73,partial,35,0,2023-05-16,-9647.73
1473,Customer_1473,customer1473@mail.com,stored,Sorghum,2024-04-12,2024-07-13,170,4250,92,48,25024.0,no,33,140250,2024-07-13,115226.0
1484,Customer_1484,customer1484@mail.com,sold,Barley,2023-08-09,2024-01-11,114,5700,155,40,23560.0,no,29,165300,2024-01-11,141740.0
1641,Customer_1641,customer1641@mail.com,storing,Sorghum,2023-06-15,2023-09-13,177,8850,90,30,15930.0,no,49,0,2023-09-13,-15930.0
1199,Customer_1199,customer1199@mail.com,storing,Sorghum,2023-07-18,2023-11-05,73,1825,110,37,9903.67,no,55,0,2023-11-05,-9903.67
45,Customer_45,customer45@mail.com,storing,Sorghum,2023-05-04,2023-06-12,99,2475,39,50,6435.0,partial,30,0,2023-06-12,-6435.0
344,Customer_344,customer344@mail.com,sold,Millet,2024-03-22,2024-04-22,104,5200,31,58,6233.07,no,55,0,2024-04-22,-6233.07
461,Customer_461,customer461@mail.com,sold,Maize,2024-03-27,2024-09-23,172,8600,180,36,37152.0,no,35,301000,2024-09-23,263848.0
1829,Customer_1829,customer1829@mail.com,sold,Rice,2023-08-17,2023-10-27,49,1225,71,56,6494.13,partial,29,0,2023-10-27,-6494.13
549,Customer_549,customer549@mail.com,sold,Millet,2023-07-10,2023-07-30,20,500,20,35,466.67,no,37,0,2023-07-30,-466.67
1448,Customer_1448,customer1448@mail.com,sold,Wheat,2023-04-16,2023-08-21,37,925,127,26,4072.47,partial,41,0,2023-08-21,-4072.47
1422,Customer_1422,customer1422@mail.com,stored,Millet,2023-02-15,2023-07-28,186,9300,163,34,34360.4,no,29,269700,2023-07-28,235339.6
245,Customer_245,customer245@mail.com,stored,Barley,2024-01-29,2024-03-07,176,8800,38,44,9809.07,yes,48,0,2024-03-07,-9809.07
1396,Customer_1396,customer1396@mail.com,sold,Millet,2023-10-23,2023-11-30,25,1250,38,54,1710.0,yes,38,0,2023-11-30,-1710.0
548,Customer_548,customer548@mail.com,sold,Millet,2024-01-05,2024-05-01,183,9150,117,51,36398.7,no,54,494100,2024-05-01,457701.3
1199,Customer_1199,customer1199@mail.com,storing,Wheat,2024-02-14,2024-05-07,138,6900,83,45,17181.0,no,41,0,2024-05-07,-17181.0
901,Customer_901,customer901@mail.com,stored,Maize,2023-03-21,2023-06-24,169,4225,95,45,24082.5,no,27,0,2023-06-24,-24082.5
387,Customer_387,customer387@mail.com,stored,Millet,2024-03-24,2024-04-13,23,1150,20,28,429.33,no,55,0,2024-04-13,-429.33
289,Customer_289,customer289@mail.com,storing,Barley,2024-07-21,2024-09-21,130,3250,62,35,9403.33,no,42,0,2024-09-21,-9403.33
1321,Customer_1321,customer1321@mail.com,stored,Sorghum,2023-02-25,2023-07-21,175,8750,146,35,29808.33,no,31,271250,2023-07-21,241441.67
7,Customer_7,customer7@mail.com,storing,Sorghum,2023-11-29,2024-01-03,115,2875,35,26,3488.33,partial,52,149500,2024-01-03,146011.67
582,Customer_582,customer582@mail.com,sold,Sorghum,2024-07-19,2024-10-25,155,7750,98,29,14683.67,partial,35,0,2024-10-25,-14683.67
1833,Customer_1833,customer1833@mail.com,storing,Barley,2023-08-16,2024-01-27,108,2700,164,55,32472.0,partial,29,78300,2024-01-27,45828.0
1111,Customer_1111,customer1111@mail.com,storing,Barley,2023-04-09,2023-08-05,23,1150,118,37,3347.27,yes,32,0,2023-08-05,-3347.27
1526,Customer_1526,customer1526@mail.com,storing,Sorghum,2023-10-13,2023-12-06,82,2050,54,38,5608.8,yes,39,79950,2023-12-06,74341.2
1074,Customer_1074,customer1074@mail.com,stored,Barley,2023-11-25,2024-03-07,112,5600,103,59,22687.47,yes,50,280000,2024-03-07,257312.53
678,Customer_678,customer678@mail.com,storing,Barley,2023-06-05,2023-06-17,35,1750,12,50,700.0,partial,53,0,2023-06-17,-700.0
546,Customer_546,customer546@mail.com,sold,Rice,2023-10-17,2023-11-26,71,3550,40,59,5585.33,partial,27,0,2023-11-26,-5585.33
1954,Customer_1954,customer1954@mail.com,sold,Barley,2023-04-26,2023-06-03,76,3800,38,34,3273.07,yes,50,190000,2023-06-03,186726.93
293,Customer_293,customer293@mail.com,stored,Wheat,2024-06-27,2024-11-26,38,950,152,26,5005.87,yes,37,35150,2024-11-26,30144.13
1249,Customer_1249,customer1249@mail.com,sold,Wheat,2024-07-19,2024-10-04,66,3300,77,47,7961.8,yes,42,138600,2024-10-04,130638.2
1463,Customer_1463,customer1463@mail.com,stored,Barley,2023-01-08,2023-03-25,132,3300,76,54,18057.6,no,28,92400,2023-03-25,74342.4
1075,Customer_1075,customer1075@mail.com,storing,Sorghum,2023-11-06,2024-01-11,108,5400,66,58,13780.8,no,40,0,2024-01-11,-13780.8
376,Customer_376,customer376@mail.com,stored,Wheat,2023-06-06,2023-08-05,198,9900,60,58,22968.0,yes,30,297000,2023-08-05,274032.0
250,Customer_250,customer250@mail.com,sold,Wheat,2024-07-05,2024-07-29,113,2825,24,36,3254.4,yes,36,0,2024-07-29,-3254.4
1655,Customer_1655,customer1655@mail.com,storing,Barley,2024-06-27,2024-11-02,64,3200,128,38,10376.53,no,47,150400,2024-11-02,140023.47
5,Customer_5,customer5@mail.com,stored,Maize,2024-02-12,2024-06-13,158,3950,122,37,23773.73,yes,44,173800,2024-06-13,150026.27
1153,Customer_1153,customer1153@mail.com,stored,Barley,2024-05-03,2024-07-30,151,7550,88,58,25690.13,no,53,0,2024-07-30,-25690.13
1404,Customer_1404,customer1404@mail.com,sold,Barley,2023-01-26,2023-06-25,146,7300,150,25,18250.0,no,53,386900,2023-06-25,368650.0
161,Customer_161,customer161@mail.com,sold,Wheat,2023-05-25,2023-06-18,131,3275,24,28,2934.4,no,29,0,2023-06-18,-2934.4
636,Customer_636,customer636@mail.com,sold,Wheat,2023-08-15,2023-12-29,95,4750,136,26,11197.33,yes,53,251750,2023-12-29,240552.67
761,Customer_761,customer761@mail.com,stored,Wheat,2023-07-07,2023-10-27,127,3175,112,24,11379.2,no,49,0,2023-10-27,-11379.2
356,Customer_356,customer356@mail.com,storing,Maize,2023-10-15,2023-11-27,191,4775,43,31,8486.77,no,54,0,2023-11-27,-8486.77
320,Customer_320,customer320@mail.com,storing,Rice,2023-04-08,2023-05-03,27,675,25,42,945.0,yes,29,19575,2023-05-03,18630.0
53,Customer_53,customer53@mail.com,stored,Millet,2023-03-19,2023-08-07,48,2400,141,25,5640.0,partial,47,112800,2023-08-07,107160.0
740,Customer_740,customer740@mail.com,stored,Sorghum,2024-03-28,2024-05-02,121,3025,35,25,3529.17,partial,28,84700,2024-05-02,81170.83
456,Customer_456,customer456@mail.com,sold,Rice,2023-11-02,2023-12-30,47,2350,58,43,3907.27,no,35,0,2023-12-30,-3907.27
294,Customer_294,customer294@mail.com,stored,Maize,2023-06-25,2023-12-06,135,6750,164,43,31734.0,no,34,0,2023-12-06,-31734.0
942,Customer_942,customer942@mail.com,stored,Sorghum,2023-12-09,2024-03-01,50,2500,83,56,7746.67,partial,25,0,2024-03-01,-7746.67
1257,Customer_1257,customer1257@mail.com,stored,Sorghum,2024-05-12,2024-07-12,142,3550,61,28,8084.53,yes,36,127800,2024-07-12,119715.47
320,Customer_320,customer320@mail.com,storing,Rice,2023-11-27,2024-02-02,163,8150,67,28,10192.93,no,45,366750,2024-02-02,356557.07
1570,Customer_1570,customer1570@mail.com,stored,Barley,2023-10-27,2024-01-21,61,3050,86,28,4896.27,no,52,0,2024-01-21,-4896.27
1470,Customer_1470,customer1470@mail.com,sold,Barley,2023-06-13,2023-09-10,20,1000,89,41,2432.67,partial,38,38000,2023-09-10,35567.33
746,Customer_746,customer746@mail.com,stored,Maize,2024-01-03,2024-06-21,190,9500,170,35,37683.33,no,39,370500,2024-06-21,332816.67
317,Customer_317,customer317@mail.com,storing,Rice,2024-04-03,2024-07-08,33,825,96,29,3062.4,no,52,0,2024-07-08,-3062.4
672,Customer_672,customer672@mail.com,stored,Wheat,2023-02-27,2023-07-29,20,500,152,54,5472.0,no,34,0,2023-07-29,-5472.0
543,Customer_543,customer543@mail.com,stored,Barley,2023-08-24,2023-10-03,30,750,40,36,1440.0,partial,47,35250,2023-10-03,33810.0
532,Customer_532,customer532@mail.com,storing,Maize,2023-08-11,2023-10-12,29,1450,62,25,1498.33,no,41,0,2023-10-12,-1498.33
1857,Customer_1857,customer1857@mail.com,stored,Sorghum,2023-01-28,2023-03-06,36,900,37,27,1198.8,yes,26,23400,2023-03-06,22201.2
1853,Customer_1853,customer1853@mail.com,storing,Rice,2023-04-17,2023-05-07,87,4350,20,30,1740.0,yes,38,165300,2023-05-07,163560.0
770,Customer_770,customer770@mail.com,stored,Millet,2023-09-18,2023-11-14,146,3650,57,53,14702.2,no,51,0,2023-11-14,-14702.2
1935,Customer_1935,customer1935@mail.com,sold,Rice,2023-05-21,2023-08-31,84,4200,102,21,5997.6,no,54,0,2023-08-31,-5997.6
32,Customer_32,customer32@mail.com,storing,Wheat,2023-09-19,2023-11-15,161,8050,57,52,15906.8,no,38,305900,2023-11-15,289993.2
65,Customer_65,customer65@mail.com,stored,Wheat,2023-03-06,2023-06-07,200,10000,93,35,21700.0,yes,50,500000,2023-06-07,478300.0
1494,Customer_1494,customer1494@mail.com,storing,Millet,2023-01-27,2023-07-05,29,1450,159,29,4457.3,yes,34,0,2023-07-05,-4457.3
58,Customer_58,customer58@mail.com,sold,Rice,2023-09-27,2024-01-11,14,350,106,26,1286.13,no,43,15050,2024-01-11,13763.87
584,Customer_584,customer584@mail.com,stored,Maize,2024-08-13,2024-11-08,165,8250,87,41,19618.5,yes,50,412500,2024-11-08,392881.5
866,Customer_866,customer866@mail.com,storing,Sorghum,2023-06-16,2023-09-17,91,4550,93,25,7052.5,yes,50,0,2023-09-17,-7052.5
1865,Customer_1865,customer1865@mail.com,sold,Barley,2024-01-23,2024-06-20,121,6050,149,55,33053.17,partial,32,193600,2024-06-20,160546.83
1122,Customer_1122,customer1122@mail.com,storing,Rice,2023-01-23,2023-04-17,98,2450,84,58,15915.2,no,28,0,2023-04-17,-15915.2
611,Customer_611,customer611@mail.com,stored,Rice,2024-01-07,2024-03-08,78,3900,61,41,6502.6,yes,46,0,2024-03-08,-6502.6
22,Customer_22,customer22@mail.com,sold,Maize,2023-04-11,2023-04-24,90,2250,13,32,1248.0,no,32,0,2023-04-24,-1248.0
411,Customer_411,customer411@mail.com,storing,Maize,2024-05-16,2024-07-28,172,8600,73,32,13393.07,no,37,0,2024-07-28,-13393.07
1550,Customer_1550,customer1550@mail.com,storing,Sorghum,2023-10-27,2024-03-04,118,5900,129,59,29936.6,no,29,0,2024-03-04,-29936.6
834,Customer_834,customer834@mail.com,stored,Rice,2024-07-16,2024-12-07,29,1450,144,27,3758.4,yes,27,0,2024-12-07,-3758.4
257,Customer_257,customer257@mail.com,storing,Wheat,2023-06-09,2023-09-19,40,1000,102,49,6664.0,partial,29,29000,2023-09-19,22336.0
557,Customer_557,customer557@mail.com,stored,Sorghum,2023-05-27,2023-11-19,172,4300,176,45,45408.0,yes,52,0,2023-11-19,-45408.0
1802,Customer_1802,customer1802@mail.com,stored,Millet,2023-07-19,2023-11-26,156,3900,130,58,39208.0,no,54,210600,2023-11-26,171392.0
1886,Customer_1886,customer1886@mail.com,stored,Sorghum,2023-05-29,2023-07-25,161,4025,57,32,9788.8,partial,30,120750,2023-07-25,110961.2
61,Customer_61,customer61@mail.com,storing,Wheat,2023-12-19,2024-04-15,58,1450,118,57,13003.6,yes,35,50750,2024-04-15,37746.4
924,Customer_924,customer924@mail.com,storing,Maize,2023-03-18,2023-07-04,168,4200,108,33,19958.4,partial,54,0,2023-07-04,-19958.4
495,Customer_495,customer495@mail.com,sold,Sorghum,2023-02-02,2023-04-17,137,6850,74,47,15882.87,yes,26,0,2023-04-17,-15882.87
1820,Customer_1820,customer1820@mail.com,sold,Maize,2023-10-06,2023-12-06,163,8150,61,25,8285.83,partial,53,0,2023-12-06,-8285.83
1857,Customer_1857,customer1857@mail.com,storing,Rice,2023-01-21,2023-02-26,151,3775,36,21,3805.2,no,50,0,2023-02-26,-3805.2
493,Customer_493,customer493@mail.com,storing,Barley,2024-02-06,2024-07-14,137,3425,159,38,27591.8,partial,38,130150,2024-07-14,102558.2
553,Customer_553,customer553@mail.com,stored,Barley,2024-04-01,2024-05-29,14,350,58,21,568.4,no,38,0,2024-05-29,-568.4
635,Customer_635,customer635@mail.com,sold,Wheat,2023-09-10,2023-12-29,159,3975,110,39,22737.0,partial,33,0,2023-12-29,-22737.0
1042,Customer_1042,customer1042@mail.com,storing,Rice,2024-07-07,2024-11-13,166,8300,129,24,17131.2,no,50,415000,2024-11-13,397868.8
1642,Customer_1642,customer1642@mail.com,storing,Millet,2024-01-29,2024-06-15,39,975,138,57,10225.8,yes,37,0,2024-06-15,-10225.8
270,Customer_270,customer270@mail.com,storing,Barley,2024-04-03,2024-08-03,117,5850,122,50,23790.0,no,29,0,2024-08-03,-23790.0
1871,Customer_1871,customer1871@mail.com,sold,Maize,2023-01-28,2023-07-16,124,3100,169,48,33529.6,no,32,99200,2023-07-16,65670.4
500,Customer_500,customer500@mail.com,stored,Wheat,2024-03-10,2024-08-10,182,9100,153,22,20420.4,yes,28,0,2024-08-10,-20420.4
1864,Customer_1864,customer1864@mail.com,storing,Millet,2024-07-30,2025-01-17,21,525,171,50,5985.0,no,41,21525,2025-01-17,15540.0
245,Customer_245,customer245@mail.com,sold,Millet,2024-02-04,2024-06-28,172,8600,145,32,26602.67,yes,34,292400,2024-06-28,265797.33
1494,Customer_1494,customer1494@mail.com,storing,Rice,2023-12-19,2024-02-17,168,8400,60,55,18480.0,partial,39,327600,2024-02-17,309120.0
1882,Customer_1882,customer1882@mail.com,stored,Millet,2023-11-14,2024-03-29,63,3150,136,23,6568.8,yes,43,135450,2024-03-29,128881.2
199,Customer_199,customer199@mail.com,stored,Millet,2023-12-30,2024-03-18,96,4800,79,34,8595.2,yes,28,134400,2024-03-18,125804.8
521,Customer_521,customer521@mail.com,stored,Sorghum,2023-07-29,2023-09-23,95,4750,56,31,5497.33,partial,45,0,2023-09-23,-5497.33
1017,Customer_1017,customer1017@mail.com,sold,Rice,2023-08-19,2023-12-06,87,4350,109,40,12644.0,no,42,0,2023-12-06,-12644.0
1095,Customer_1095,customer1095@mail.com,sold,Barley,2024-08-12,2024-11-27,20,1000,107,25,1783.33,no,48,48000,2024-11-27,46216.67
1786,Customer_1786,customer1786@mail.com,storing,Barley,2023-07-13,2023-09-07,168,4200,56,21,6585.6,yes,28,117600,2023-09-07,111014.4
981,Customer_981,customer981@mail.com,storing,Barley,2024-05-10,2024-10-10,196,4900,153,50,49980.0,no,32,156800,2024-10-10,106820.0
1376,Customer_1376,customer1376@mail.com,sold,Barley,2023-09-26,2024-02-07,121,3025,134,60,32428.0,partial,52,0,2024-02-07,-32428.0
1188,Customer_1188,customer1188@mail.com,storing,Sorghum,2023-11-27,2024-04-10,34,1700,135,47,7191.0,yes,47,0,2024-04-10,-7191.0
1677,Customer_1677,customer1677@mail.com,sold,Millet,2024-06-04,2024-09-01,100,2500,89,27,8010.0,yes,31,77500,2024-09-01,69490.0
691,Customer_691,customer691@mail.com,stored,Millet,2023-12-03,2024-05-03,19,950,152,53,5102.13,partial,41,0,2024-05-03,-5102.13
839,Customer_839,customer839@mail.com,stored,Barley,2023-10-17,2024-02-16,23,575,122,54,5050.8,yes,40,23000,2024-02-16,17949.2
741,Customer_741,customer741@mail.com,stored,Rice,2023-05-25,2023-10-09,134,3350,137,22,13462.53,no,39,130650,2023-10-09,117187.47
489,Customer_489,customer489@mail.com,stored,Barley,2024-01-10,2024-02-19,122,3050,40,23,3741.33,no,33,100650,2024-02-19,96908.67
1069,Customer_1069,customer1069@mail.com,sold,Sorghum,2024-04-10,2024-04-25,184,9200,15,57,5244.0,partial,26,239200,2024-04-25,233956.0
563,Customer_563,customer563@mail.com,stored,Maize,2024-06-10,2024-10-19,66,1650,131,48,13833.6,partial,49,80850,2024-10-19,67016.4
678,Customer_678,customer678@mail.com,stored,Maize,2024-02-22,2024-06-16,176,4400,115,54,36432.0,partial,43,189200,2024-06-16,152768.0
1656,Customer_1656,customer1656@mail.com,storing,Rice,2023-03-25,2023-04-29,38,950,35,20,886.67,no,53,0,2023-04-29,-886.67
254,Customer_254,customer254@mail.com,sold,Maize,2023-08-17,2023-09-11,179,4475,25,49,7309.17,no,33,0,2023-09-11,-7309.17
1822,Customer_1822,customer1822@mail.com,sold,Barley,2024-06-11,2024-11-23,53,2650,165,43,12534.5,partial,26,68900,2024-11-23,56365.5
469,Customer_469,customer469@mail.com,storing,Barley,2023-12-02,2024-04-25,146,7300,145,56,39517.33,yes,26,189800,2024-04-25,150282.67
254,Customer_254,customer254@mail.com,storing,Barley,2023-03-09,2023-08-01,48,2400,145,48,11136.0,no,38,0,2023-08-01,-11136.0
1910,Customer_1910,customer1910@mail.com,stored,Barley,2024-04-18,2024-06-21,59,2950,64,20,2517.33,no,49,144550,2024-06-21,142032.67
1879,Customer_1879,customer1879@mail.com,stored,Maize,2023-09-08,2024-02-08,81,2025,153,44,18176.4,yes,55,111375,2024-02-08,93198.6
21,Customer_21,customer21@mail.com,sold,Millet,2024-01-16,2024-01-27,133,6650,11,53,2584.63,no,34,226100,2024-01-27,223515.37
1324,Customer_1324,customer1324@mail.com,storing,Barley,2023-10-05,2024-03-23,96,2400,170,36,19584.0,yes,42,0,2024-03-23,-19584.0
824,Customer_824,customer824@mail.com,stored,Sorghum,2024-01-16,2024-03-02,128,3200,46,48,9420.8,partial,41,0,2024-03-02,-9420.8
1253,Customer_1253,customer1253@mail.com,storing,Barley,2024-03-15,2024-05-22,46,2300,68,40,4170.67,no,50,115000,2024-05-22,110829.33
1787,Customer_1787,customer1787@mail.com,stored,Millet,2024-06-16,2024-08-19,124,6200,64,31,8200.53,yes,47,291400,2024-08-19,283199.47
1624,Customer_1624,customer1624@mail.com,sold,Wheat,2023-03-11,2023-08-10,148,3700,152,46,34493.87,yes,51,0,2023-08-10,-34493.87
1325,Customer_1325,customer1325@mail.com,storing,Barley,2024-04-24,2024-07-22,74,3700,89,20,4390.67,partial,28,103600,2024-07-22,99209.33
220,Customer_220,customer220@mail.com,sold,Millet,2023-11-12,2024-03-17,160,8000,126,47,31584.0,yes,26,0,2024-03-17,-31584.0
1251,Customer_1251,customer1251@mail.com,storing,Millet,2023-05-07,2023-06-24,195,4875,48,40,12480.0,yes,30,146250,2023-06-24,133770.0
238,Customer_238,customer238@mail.com,storing,Rice,2024-03-02,2024-06-03,26,650,93,20,1612.0,partial,34,0,2024-06-03,-1612.0
1584,Customer_1584,customer1584@mail.com,sold,Millet,2023-02-02,2023-04-18,140,3500,75,27,9450.0,yes,37,0,2023-04-18,-9450.0
569,Customer_569,customer569@mail.com,stored,Millet,2024-03-18,2024-07-18,91,4550,122,50,18503.33,yes,43,195650,2024-07-18,177146.67
574,Customer_574,customer574@mail.com,sold,Sorghum,2023-08-28,2023-12-17,127,3175,111,25,11747.5,yes,35,0,2023-12-17,-11747.5
448,Customer_448,customer448@mail.com,storing,Sorghum,2024-04-12,2024-10-08,193,4825,179,41,47214.23,yes,53,0,2024-10-08,-47214.23
1757,Customer_1757,customer1757@mail.com,storing,Millet,2023-07-08,2023-08-21,19,475,44,25,696.67,no,46,0,2023-08-21,-696.67
71,Customer_71,customer71@mail.com,storing,Rice,2024-07-13,2024-09-30,36,900,79,23,2180.4,partial,42,37800,2024-09-30,35619.6
241,Customer_241,customer241@mail.com,stored,Millet,2023-08-19,2023-09-11,103,5150,23,49,3869.37,yes,40,0,2023-09-11,-3869.37
1260,Customer_1260,customer1260@mail.com,storing,Maize,2023-03-22,2023-08-21,148,7400,152,20,14997.33,no,52,0,2023-08-21,-14997.33
341,Customer_341,customer341@mail.com,sold,Rice,2024-04-18,2024-06-26,23,575,69,43,2274.7,partial,25,14375,2024-06-26,12100.3
463,Customer_463,customer463@mail.com,sold,Wheat,2024-07-25,2024-10-22,95,4750,89,31,8736.83,no,34,161500,2024-10-22,152763.17
1154,Customer_1154,customer1154@mail.com,storing,Barley,2024-06-16,2024-08-27,74,3700,72,35,6216.0,partial,31,114700,2024-08-27,108484.0
1683,Customer_1683,customer1683@mail.com,stored,Sorghum,2024-05-16,2024-08-07,109,5450,83,41,12364.23,no,40,0,2024-08-07,-12364.23
808,Customer_808,customer808@mail.com,stored,Wheat,2023-01-31,2023-05-10,163,8150,99,36,19364.4,no,42,0,2023-05-10,-19364.4
1312,Customer_1312,customer1312@mail.com,storing,Millet,2023-04-21,2023-06-24,121,6050,64,53,13681.07,yes,46,278300,2023-06-24,264618.93
212,Customer_212,customer212@mail.com,storing,Rice,2024-01-14,2024-03-04,13,650,50,42,910.0,yes,50,0,2024-03-04,-910.0
588,Customer_588,customer588@mail.com,storing,Millet,2023-10-24,2024-04-21,101,2525,180,37,22422.0,yes,38,95950,2024-04-21,73528.0
280,Customer_280,customer280@mail.com,stored,Maize,2023-12-29,2024-05-02,43,1075,125,35,6270.83,yes,46,49450,2024-05-02,43179.17
1713,Customer_1713,customer1713@mail.com,stored,Rice,2024-02-05,2024-02-23,27,1350,18,39,631.8,yes,44,0,2024-02-23,-631.8
538,Customer_538,customer538@mail.com,stored,Maize,2023-01-14,2023-03-22,125,3125,67,59,16470.83,no,53,165625,2023-03-22,149154.17
118,Customer_118,customer118@mail.com,stored,Millet,2023-02-17,2023-06-19,111,5550,122,25,11285.0,yes,30,0,2023-06-19,-11285.0
1300,Customer_1300,customer1300@mail.com,storing,Barley,2023-06-22,2023-10-20,54,2700,120,23,4968.0,yes,36,0,2023-10-20,-4968.0
788,Customer_788,customer788@mail.com,sold,Maize,2024-01-23,2024-03-27,179,4475,64,25,9546.67,yes,34,0,2024-03-27,-9546.67
605,Customer_605,customer605@mail.com,storing,Barley,2024-06-07,2024-11-14,199,4975,160,58,61557.33,partial,36,179100,2024-11-14,117542.67
1449,Customer_1449,customer1449@mail.com,sold,Millet,2023-04-18,2023-05-11,20,1000,23,24,368.0,yes,51,0,2023-05-11,-368.0
1280,Customer_1280,customer1280@mail.com,sold,Barley,2023-06-29,2023-10-15,130,6500,108,60,28080.0,no,38,247000,2023-10-15,218920.0
1068,Customer_1068,customer1068@mail.com,sold,Millet,2023-03-05,2023-08-13,41,1025,161,31,6821.03,yes,45,46125,2023-08-13,39303.97
139,Customer_139,customer139@mail.com,sold,Rice,2023-03-19,2023-08-11,166,8300,145,36,28884.0,partial,28,232400,2023-08-11,203516.0
119,Customer_119,customer119@mail.com,sold,Wheat,2023-09-27,2023-11-12,66,1650,46,21,2125.2,yes,35,57750,2023-11-12,55624.8
928,Customer_928,customer928@mail.com,storing,Rice,2023-02-28,2023-06-13,72,1800,105,23,5796.0,partial,50,0,2023-06-13,-5796.0
1159,Customer_1159,customer1159@mail.com,storing,Barley,2023-10-19,2023-11-15,178,8900,27,45,7209.0,no,34,0,2023-11-15,-7209.0
1040,Customer_1040,customer1040@mail.com,stored,Wheat,2023-03-18,2023-05-24,120,3000,67,53,14204.0,yes,33,99000,2023-05-24,84796.0
225,Customer_225,customer225@mail.com,stored,Wheat,2023-04-05,2023-04-19,197,4925,14,38,3493.47,partial,53,261025,2023-04-19,257531.53
1596,Customer_1596,customer1596@mail.com,sold,Sorghum,2023-01-26,2023-05-26,116,2900,120,60,27840.0,partial,48,0,2023-05-26,-27840.0
1199,Customer_1199,customer1199@mail.com,sold,Barley,2023-01-09,2023-02-20,179,8950,42,38,9522.8,no,27,0,2023-02-20,-9522.8
848,Customer_848,customer848@mail.com,sold,Millet,2023-10-22,2023-12-31,86,2150,70,52,10434.67,no,30,0,2023-12-31,-10434.67
1566,Customer_1566,customer1566@mail.com,sold,Millet,2023-12-28,2024-03-22,188,9400,85,37,19708.67,no,47,441800,2024-03-22,422091.33
1145,Customer_1145,customer1145@mail.com,stored,Rice,2023-06-25,2023-11-12,17,850,140,43,3411.33,no,37,31450,2023-11-12,28038.67
170,Customer_170,customer170@mail.com,storing,Barley,2023-01-24,2023-03-18,37,1850,53,41,2680.03,yes,25,0,2023-03-18,-2680.03
547,Customer_547,customer547@mail.com,storing,Barley,2023-08-29,2023-11-08,63,3150,71,25,3727.5,no,32,0,2023-11-08,-3727.5
1121,Customer_1121,customer1121@mail.com,storing,Barley,2024-02-27,2024-05-06,179,8950,69,23,9469.1,yes,34,0,2024-05-06,-9469.1
1335,Customer_1335,customer1335@mail.com,sold,Maize,2024-03-20,2024-07-14,185,4625,116,46,32905.33,partial,36,0,2024-07-14,-32905.33
996,Customer_996,customer996@mail.com,stored,Millet,2024-01-04,2024-05-27,102,2550,144,42,20563.2,partial,37,0,2024-05-27,-20563.2
1631,Customer_1631,customer1631@mail.com,storing,Millet,2023-11-14,2024-04-04,151,7550,142,24,17153.6,partial,25,188750,2024-04-04,171596.4
648,Customer_648,customer648@mail.com,sold,Maize,2023-09-24,2024-03-04,80,4000,162,25,10800.0,yes,29,116000,2024-03-04,105200.0
659,Customer_659,customer659@mail.com,stored,Maize,2023-12-02,2024-04-24,164,8200,144,50,39360.0,yes,51,418200,2024-04-24,378840.0
1229,Customer_1229,customer1229@mail.com,stored,Maize,2023-06-02,2023-07-21,158,3950,49,36,9290.4,yes,43,0,2023-07-21,-9290.4
42,Customer_42,customer42@mail.com,sold,Maize,2023-10-06,2024-03-27,17,425,173,60,5882.0,no,41,0,2024-03-27,-5882.0
1161,Customer_1161,customer1161@mail.com,sold,Millet,2023-01-16,2023-04-20,134,6700,94,33,13855.6,yes,32,214400,2023-04-20,200544.4
831,Customer_831,customer831@mail.com,stored,Wheat,2023-03-01,2023-07-02,108,5400,123,42,18597.6,yes,40,0,2023-07-02,-18597.6
750,Customer_750,customer750@mail.com,stored,Millet,2023-03-18,2023-05-23,142,3550,66,20,6248.0,partial,31,110050,2023-05-23,103802.0
676,Customer_676,customer676@mail.com,storing,Maize,2023-04-11,2023-07-05,120,3000,85,47,15980.0,no,38,0,2023-07-05,-15980.0
1711,Customer_1711,customer1711@mail.com,stored,Rice,2024-02-08,2024-08-05,21,1050,179,32,4009.6,partial,44,46200,2024-08-05,42190.4
47,Customer_47,customer47@mail.com,stored,Barley,2023-12-28,2024-03-13,75,1875,76,27,5130.0,no,40,75000,2024-03-13,69870.0
114,Customer_114,customer114@mail.com,storing,Rice,2023-03-09,2023-05-09,107,5350,61,39,8485.1,yes,45,0,2023-05-09,-8485.1
543,Customer_543,customer543@mail.com,storing,Wheat,2024-04-26,2024-09-09,16,800,136,46,3336.53,yes,44,0,2024-09-09,-3336.53
763,Customer_763,customer763@mail.com,storing,Millet,2024-07-31,2024-11-04,88,4400,96,48,13516.8,no,35,154000,2024-11-04,140483.2
489,Customer_489,customer489@mail.com,stored,Maize,2024-02-02,2024-06-11,63,3150,130,38,10374.0,partial,39,122850,2024-06-11,112476.0
127,Customer_127,customer127@mail.com,stored,Sorghum,2023-08-15,2023-10-27,92,4600,73,35,7835.33,partial,34,0,2023-10-27,-7835.33
803,Customer_803,customer803@mail.com,storing,Barley,2023-05-26,2023-09-28,148,7400,125,31,19116.67,partial,50,0,2023-09-28,-19116.67
1112,Customer_1112,customer1112@mail.com,sold,Barley,2023-05-30,2023-07-03,166,8300,34,24,4515.2,no,40,0,2023-07-03,-4515.2
1976,Customer_1976,customer1976@mail.com,storing,Maize,2024-07-08,2024-12-30,90,4500,175,39,20475.0,partial,31,0,2024-12-30,-20475.0
663,Customer_663,customer663@mail.com,stored,Barley,2023-09-01,2023-11-12,10,250,72,33,792.0,yes,50,0,2023-11-12,-792.0
1693,Customer_1693,customer1693@mail.com,sold,Sorghum,2024-03-09,2024-06-01,113,5650,84,49,15503.6,yes,44,0,2024-06-01,-15503.6
1434,Customer_1434,customer1434@mail.com,stored,Millet,2023-12-07,2024-06-02,80,2000,178,25,11866.67,no,45,0,2024-06-02,-11866.67
1302,Customer_1302,customer1302@mail.com,stored,Maize,2023-03-05,2023-05-28,34,850,84,34,3236.8,yes,35,29750,2023-05-28,26513.2
868,Customer_868,customer868@mail.com,storing,Rice,2023-07-01,2023-10-05,132,6600,96,58,24499.2,no,41,0,2023-10-05,-24499.2
370,Customer_370,customer370@mail.com,storing,Maize,2023-12-20,2024-05-29,130,3250,161,49,34185.67,no,37,120250,2024-05-29,86064.33
1945,Customer_1945,customer1945@mail.com,storing,Rice,2023-12-19,2024-02-12,69,3450,55,30,3795.0,yes,27,93150,2024-02-12,89355.0
598,Customer_598,customer598@mail.com,sold,Wheat,2023-04-16,2023-05-11,137,3425,25,49,5594.17,no,29,0,2023-05-11,-5594.17
1676,Customer_1676,customer1676@mail.com,stored,Wheat,2023-05-31,2023-07-16,19,950,46,33,961.4,yes,32,0,2023-07-16,-961.4
1801,Customer_1801,customer1801@mail.com,sold,Rice,2023-09-20,2023-10-30,170,4250,40,33,7480.0,partial,45,0,2023-10-30,-7480.0
1289,Customer_1289,customer1289@mail.com,sold,Millet,2024-01-07,2024-05-17,24,600,131,28,2934.4,partial,36,21600,2024-05-17,18665.6
170,Customer_170,customer170@mail.com,storing,Sorghum,2023-03-14,2023-08-07,77,1925,146,36,13490.4,no,36,69300,2023-08-07,55809.6
623,Customer_623,customer623@mail.com,storing,Rice,2023-12-04,2024-04-27,77,3850,145,38,14142.33,yes,28,107800,2024-04-27,93657.67
161,Customer_161,customer161@mail.com,storing,Rice,2023-02-28,2023-04-19,73,3650,50,37,4501.67,yes,42,153300,2023-04-19,148798.33
167,Customer_167,customer167@mail.com,storing,Wheat,2024-07-13,2024-09-29,133,6650,78,25,8645.0,yes,25,0,2024-09-29,-8645.0
1437,Customer_1437,customer1437@mail.com,stored,Rice,2024-06-09,2024-08-10,169,4225,62,40,13970.67,partial,33,139425,2024-08-10,125454.33
848,Customer_848,customer848@mail.com,storing,Wheat,2023-02-06,2023-06-12,192,9600,126,40,32256.0,partial,40,0,2023-06-12,-32256.0
1755,Customer_1755,customer1755@mail.com,sold,Rice,2023-04-02,2023-08-11,105,2625,131,48,22008.0,partial,49,0,2023-08-11,-22008.0
784,Customer_784,customer784@mail.com,sold,Sorghum,2023-03-18,2023-05-08,84,2100,51,25,3570.0,partial,41,86100,2023-05-08,82530.0
352,Customer_352,customer352@mail.com,stored,Maize,2023-01-11,2023-06-17,63,3150,157,22,7253.4,partial,26,81900,2023-06-17,74646.6
140,Customer_140,customer140@mail.com,stored,Millet,2023-09-29,2023-11-21,124,3100,53,31,6791.07,yes,45,139500,2023-11-21,132708.93
1980,Customer_1980,customer1980@mail.com,storing,Barley,2024-08-08,2024-12-06,81,4050,120,57,18468.0,partial,31,125550,2024-12-06,107082.0
1132,Customer_1132,customer1132@mail.com,sold,Wheat,2024-03-08,2024-05-29,197,4925,82,40,21538.67,no,55,270875,2024-05-29,249336.33
57,Customer_57,customer57@mail.com,sold,Maize,2023-10-28,2024-03-12,118,2950,136,45,24072.0,no,55,162250,2024-03-12,138178.0
1619,Customer_1619,customer1619@mail.com,storing,Wheat,2023-02-25,2023-04-02,40,2000,36,35,1680.0,no,53,0,2023-04-02,-1680.0
1124,Customer_1124,customer1124@mail.com,sold,Wheat,2023-10-02,2024-03-14,45,2250,164,37,9102.0,yes,43,96750,2024-03-14,87648.0
780,Customer_780,customer780@mail.com,stored,Wheat,2023-04-10,2023-08-07,185,4625,119,30,22015.0,yes,43,198875,2023-08-07,176860.0
425,Customer_425,customer425@mail.com,stored,Maize,2024-07-28,2024-08-31,37,925,34,28,1174.13,partial,50,46250,2024-08-31,45075.87
1696,Customer_1696,customer1696@mail.com,storing,Millet,2024-01-28,2024-03-25,50,2500,57,32,3040.0,yes,33,0,2024-03-25,-3040.0
681,Customer_681,customer681@mail.com,stored,Rice,2023-10-11,2023-10-24,189,9450,13,22,1801.8,partial,26,245700,2023-10-24,243898.2
631,Customer_631,customer631@mail.com,storing,Sorghum,2023-06-23,2023-11-22,58,2900,152,35,10285.33,no,46,133400,2023-11-22,123114.67
1406,Customer_1406,customer1406@mail.com,storing,Rice,2023-09-11,2023-10-25,117,2925,44,52,8923.2,yes,26,76050,2023-10-25,67126.8
860,Customer_860,customer860@mail.com,storing,Maize,2024-03-28,2024-06-27,192,9600,91,22,12812.8,partial,26,249600,2024-06-27,236787.2
65,Customer_65,customer65@mail.com,sold,Wheat,2023-11-27,2023-12-31,169,4225,34,31,5937.53,yes,34,143650,2023-12-31,137712.47
103,Customer_103,customer103@mail.com,sold,Millet,2024-03-04,2024-06-13,66,1650,101,34,7554.8,yes,50,82500,2024-06-13,74945.2
1664,Customer_1664,customer1664@mail.com,storing,Barley,2023-07-14,2023-10-31,32,1600,109,37,4301.87,partial,50,80000,2023-10-31,75698.13
1166,Customer_1166,customer1166@mail.com,stored,Rice,2024-05-07,2024-07-29,159,3975,83,29,12757.1,partial,39,155025,2024-07-29,142267.9
342,Customer_342,customer342@mail.com,sold,Sorghum,2024-06-14,2024-08-26,136,3400,73,50,16546.67,yes,44,149600,2024-08-26,133053.33
1956,Customer_1956,customer1956@mail.com,stored,Wheat,2023-08-03,2023-10-21,11,550,79,28,811.07,no,40,0,2023-10-21,-811.07
801,Customer_801,customer801@mail.com,stored,Millet,2024-06-02,2024-11-14,139,6950,165,45,34402.5,partial,54,375300,2024-11-14,340897.5
96,Customer_96,customer96@mail.com,sold,Millet,2023-01-27,2023-02-13,146,3650,17,60,4964.0,no,50,182500,2023-02-13,177536.0
1724,Customer_1724,customer1724@mail.com,stored,Maize,2023-07-25,2024-01-19,171,8550,178,25,25365.0,partial,40,0,2024-01-19,-25365.0
1039,Customer_1039,customer1039@mail.com,stored,Sorghum,2024-03-22,2024-04-02,37,1850,11,58,786.87,yes,30,55500,2024-04-02,54713.13
1740,Customer_1740,customer1740@mail.com,sold,Sorghum,2023-10-30,2023-11-23,141,7050,24,51,5752.8,yes,46,0,2023-11-23,-5752.8
855,Customer_855,customer855@mail.com,sold,Barley,2024-03-04,2024-08-03,88,4400,152,48,21401.6,yes,37,0,2024-08-03,-21401.6
1780,Customer_1780,customer1780@mail.com,sold,Sorghum,2023-11-23,2024-01-13,160,8000,51,20,5440.0,partial,36,288000,2024-01-13,282560.0
1474,Customer_1474,customer1474@mail.com,sold,Wheat,2024-04-27,2024-10-21,40,1000,177,54,12744.0,yes,32,0,2024-10-21,-12744.0
12,Customer_12,customer12@mail.com,sold,Sorghum,2023-09-01,2023-11-10,89,4450,70,44,9137.33,no,55,244750,2023-11-10,235612.67
1071,Customer_1071,customer1071@mail.com,sold,Wheat,2023-01-19,2023-01-30,193,4825,11,50,3538.33,yes,41,197825,2023-01-30,194286.67
1929,Customer_1929,customer1929@mail.com,stored,Barley,2024-06-26,2024-10-30,181,4525,126,40,30408.0,yes,25,0,2024-10-30,-30408.0
1017,Customer_1017,customer1017@mail.com,sold,Wheat,2023-11-28,2024-03-31,39,1950,124,24,3868.8,partial,42,81900,2024-03-31,78031.2
1183,Customer_1183,customer1183@mail.com,storing,Rice,2023-10-22,2023-11-15,68,3400,24,28,1523.2,no,55,187000,2023-11-15,185476.8
220,Customer_220,customer220@mail.com,sold,Wheat,2023-02-19,2023-05-24,184,4600,94,38,21908.27,yes,34,156400,2023-05-24,134491.73
780,Customer_780,customer780@mail.com,sold,Wheat,2024-03-07,2024-04-22,85,4250,46,44,5734.67,partial,34,0,2024-04-22,-5734.67
930,Customer_930,customer930@mail.com,stored,Rice,2023-04-04,2023-05-28,147,7350,54,36,9525.6,partial,32,0,2023-05-28,-9525.6
315,Customer_315,customer315@mail.com,sold,Barley,2024-05-26,2024-10-10,17,425,137,27,2096.1,yes,39,16575,2024-10-10,14478.9
696,Customer_696,customer696@mail.com,sold,Maize,2023-05-24,2023-08-13,186,9300,81,55,27621.0,partial,37,0,2023-08-13,-27621.0
1515,Customer_1515,customer1515@mail.com,storing,Rice,2023-05-10,2023-08-06,63,3150,88,51,9424.8,partial,45,0,2023-08-06,-9424.8
912,Customer_912,customer912@mail.com,sold,Maize,2024-01-11,2024-04-17,52,1300,97,50,8406.67,partial,52,67600,2024-04-17,59193.33
581,Customer_581,customer581@mail.com,storing,Millet,2023-02-27,2023-08-03,132,3300,157,22,15197.6,yes,36,118800,2023-08-03,103602.4
220,Customer_220,customer220@mail.com,storing,Millet,2024-08-03,2024-09-05,188,4700,33,50,10340.0,yes,26,0,2024-09-05,-10340.0
540,Customer_540,customer540@mail.com,storing,Maize,2023-02-08,2023-03-26,78,1950,46,55,6578.0,yes,26,50700,2023-03-26,44122.0
80,Customer_80,customer80@mail.com,stored,Wheat,2023-12-15,2024-03-19,178,8900,95,34,19164.67,no,30,0,2024-03-19,-19164.67
112,Customer_112,customer112@mail.com,sold,Barley,2024-06-13,2024-10-21,150,3750,130,33,21450.0,no,31,116250,2024-10-21,94800.0
253,Customer_253,customer253@mail.com,storing,Rice,2023-05-10,2023-06-22,175,8750,43,27,6772.5,no,35,0,2023-06-22,-6772.5
1434,Customer_1434,customer1434@mail.com,sold,Wheat,2023-07-09,2023-09-28,111,5550,81,55,16483.5,partial,25,138750,2023-09-28,122266.5
113,Customer_113,customer113@mail.com,sold,Sorghum,2024-07-26,2024-08-17,30,1500,22,48,1056.0,yes,39,0,2024-08-17,-1056.0
1120,Customer_1120,customer1120@mail.com,stored,Rice,2023-10-29,2024-04-21,21,525,175,55,6737.5,yes,31,16275,2024-04-21,9537.5
904,Customer_904,customer904@mail.com,stored,Maize,2023-04-10,2023-08-26,109,5450,138,48,24067.2,partial,33,0,2023-08-26,-24067.2
1984,Customer_1984,customer1984@mail.com,stored,Rice,2024-07-11,2024-09-26,71,1775,77,52,9476.13,no,35,62125,2024-09-26,52648.87
1304,Customer_1304,customer1304@mail.com,storing,Millet,2023-07-13,2023-11-07,127,6350,117,35,17335.5,partial,26,165100,2023-11-07,147764.5
1737,Customer_1737,customer1737@mail.com,storing,Sorghum,2023-05-27,2023-09-14,18,450,110,54,3564.0,yes,43,0,2023-09-14,-3564.0
285,Customer_285,customer285@mail.com,storing,Millet,2024-02-23,2024-07-10,128,6400,138,32,18841.6,no,26,166400,2024-07-10,147558.4
1720,Customer_1720,customer1720@mail.com,stored,Rice,2023-03-21,2023-09-17,197,4925,180,55,65010.0,partial,33,162525,2023-09-17,97515.0
1697,Customer_1697,customer1697@mail.com,storing,Maize,2023-11-17,2024-01-06,178,8900,50,30,8900.0,yes,49,0,2024-01-06,-8900.0
1815,Customer_1815,customer1815@mail.com,storing,Rice,2023-11-24,2024-03-29,189,4725,126,31,24607.8,yes,43,203175,2024-03-29,178567.2
176,Customer_176,customer176@mail.com,sold,Wheat,2023-05-05,2023-06-19,60,1500,45,43,3870.0,partial,51,0,2023-06-19,-3870.0
89,Customer_89,customer89@mail.com,sold,Maize,2023-04-18,2023-05-19,148,3700,31,26,3976.27,yes,28,103600,2023-05-19,99623.73
61,Customer_61,customer61@mail.com,sold,Wheat,2024-08-18,2024-12-25,103,2575,129,27,11958.3,no,28,72100,2024-12-25,60141.7
1683,Customer_1683,customer1683@mail.com,sold,Sorghum,2024-02-01,2024-06-09,60,1500,129,53,13674.0,yes,47,70500,2024-06-09,56826.0
1404,Customer_1404,customer1404@mail.com,stored,Millet,2024-04-11,2024-05-08,48,1200,27,25,1080.0,yes,30,0,2024-05-08,-1080.0
519,Customer_519,customer519@mail.com,sold,Maize,2023-04-12,2023-07-16,23,1150,95,23,1675.17,no,40,0,2023-07-16,-1675.17
1646,Customer_1646,customer1646@mail.com,sold,Sorghum,2023-07-08,2023-11-24,16,400,139,27,2001.6,yes,52,20800,2023-11-24,18798.4
1482,Customer_1482,customer1482@mail.com,sold,Rice,2024-03-25,2024-06-10,108,2700,77,57,15800.4,no,33,0,2024-06-10,-15800.4
239,Customer_239,customer239@mail.com,stored,Maize,2023-12-13,2024-06-09,45,2250,179,48,12888.0,partial,52,117000,2024-06-09,104112.0
583,Customer_583,customer583@mail.com,stored,Wheat,2024-05-12,2024-10-02,181,4525,143,48,41412.8,no,46,0,2024-10-02,-41412.8
1890,Customer_1890,customer1890@mail.com,sold,Maize,2023-11-28,2024-02-29,15,750,93,44,2046.0,no,29,0,2024-02-29,-2046.0
918,Customer_918,customer918@mail.com,storing,Millet,2023-06-04,2023-10-29,146,7300,147,29,20746.6,partial,35,255500,2023-10-29,234753.4
975,Customer_975,customer975@mail.com,storing,Millet,2023-07-10,2023-11-09,102,5100,122,34,14103.2,partial,49,249900,2023-11-09,235796.8
1221,Customer_1221,customer1221@mail.com,storing,Maize,2023-08-07,2023-10-18,64,3200,72,35,5376.0,yes,46,147200,2023-10-18,141824.0
1247,Customer_1247,customer1247@mail.com,sold,Rice,2023-10-03,2024-01-24,120,6000,113,50,22600.0,no,35,210000,2024-01-24,187400.0
580,Customer_580,customer580@mail.com,stored,Sorghum,2023-07-29,2023-10-04,88,2200,67,46,9040.53,yes,30,0,2023-10-04,-9040.53
562,Customer_562,customer562@mail.com,storing,Rice,2024-03-16,2024-06-25,141,3525,101,54,25633.8,yes,46,0,2024-06-25,-25633.8
1541,Customer_1541,customer1541@mail.com,stored,Millet,2024-04-26,2024-05-22,35,1750,26,48,1456.0,partial,32,0,2024-05-22,-1456.0
71,Customer_71,customer71@mail.com,stored,Rice,2023-10-01,2023-11-21,15,375,51,48,1224.0,partial,25,9375,2023-11-21,8151.0
1587,Customer_1587,customer1587@mail.com,sold,Sorghum,2024-08-03,2024-11-28,46,2300,117,46,8252.4,partial,54,0,2024-11-28,-8252.4
1292,Customer_1292,customer1292@mail.com,sold,Barley,2023-10-07,2024-02-15,135,6750,131,35,20632.5,no,25,168750,2024-02-15,148117.5
143,Customer_143,customer143@mail.com,stored,Sorghum,2023-09-18,2024-02-07,73,3650,142,40,13821.33,partial,25,91250,2024-02-07,77428.67
623,Customer_623,customer623@mail.com,stored,Sorghum,2023-01-24,2023-04-22,58,2900,88,55,9357.33,no,37,107300,2023-04-22,97942.67
1532,Customer_1532,customer1532@mail.com,storing,Wheat,2024-07-26,2024-10-23,138,3450,89,22,9006.8,no,45,0,2024-10-23,-9006.8
1627,Customer_1627,customer1627@mail.com,sold,Millet,2024-01-05,2024-02-20,16,400,46,55,1349.33,yes,29,0,2024-02-20,-1349.33
1372,Customer_1372,customer1372@mail.com,storing,Maize,2023-11-13,2024-04-01,94,2350,140,49,21494.67,yes,37,86950,2024-04-01,65455.33
1466,Customer_1466,customer1466@mail.com,sold,Wheat,2024-07-16,2024-09-04,188,9400,50,43,13473.33,no,44,413600,2024-09-04,400126.67
1695,Customer_1695,customer1695@mail.com,sold,Maize,2023-02-14,2023-02-26,74,3700,12,25,740.0,no,25,92500,2023-02-26,91760.0
672,Customer_672,customer672@mail.com,stored,Millet,2023-10-04,2023-12-01,74,1850,58,47,6724.13,yes,36,66600,2023-12-01,59875.87
1338,Customer_1338,customer1338@mail.com,storing,Millet,2023-11-12,2024-01-09,87,2175,58,52,8746.4,yes,52,113100,2024-01-09,104353.6
1143,Customer_1143,customer1143@mail.com,sold,Sorghum,2023-09-21,2023-12-25,183,4575,95,34,19703.0,yes,44,201300,2023-12-25,181597.0
647,Customer_647,customer647@mail.com,storing,Millet,2023-05-14,2023-08-23,37,925,101,38,4733.53,partial,53,0,2023-08-23,-4733.53
1116,Customer_1116,customer1116@mail.com,storing,Barley,2024-06-19,2024-10-02,102,2550,105,25,8925.0,no,27,0,2024-10-02,-8925.0
842,Customer_842,customer842@mail.com,stored,Maize,2023-03-14,2023-05-20,109,2725,67,45,10954.5,no,26,0,2023-05-20,-10954.5
464,Customer_464,customer464@mail.com,storing,Maize,2023-07-03,2023-12-06,25,625,156,33,4290.0,yes,28,0,2023-12-06,-4290.0
631,Customer_631,customer631@mail.com,stored,Millet,2023-10-14,2024-04-09,112,2800,178,51,33891.2,no,50,0,2024-04-09,-33891.2
1713,Customer_1713,customer1713@mail.com,sold,Sorghum,2023-01-04,2023-04-22,26,1300,108,44,4118.4,partial,32,0,2023-04-22,-4118.4
938,Customer_938,customer938@mail.com,stored,Maize,2024-01-08,2024-02-22,55,1375,45,40,3300.0,partial,48,66000,2024-02-22,62700.0
1160,Customer_1160,customer1160@mail.com,stored,Rice,2023-11-01,2024-01-05,115,2875,65,28,6976.67,yes,51,146625,2024-01-05,139648.33
1226,Customer_1226,customer1226@mail.com,storing,Rice,2024-02-02,2024-06-23,65,3250,142,60,18460.0,no,51,0,2024-06-23,-18460.0
959,Customer_959,customer959@mail.com,storing,Millet,2023-10-04,2023-11-07,152,7600,34,20,3445.33,partial,33,250800,2023-11-07,247354.67
896,Customer_896,customer896@mail.com,stored,Rice,2024-05-02,2024-10-19,130,6500,170,40,29466.67,yes,27,0,2024-10-19,-29466.67
1100,Customer_1100,customer1100@mail.com,sold,Barley,2023-05-02,2023-07-31,134,6700,90,40,16080.0,no,49,0,2023-07-31,-16080.0
638,Customer_638,customer638@mail.com,storing,Sorghum,2023-06-07,2023-11-25,89,2225,171,41,20799.3,partial,49,0,2023-11-25,-20799.3
1360,Customer_1360,customer1360@mail.com,sold,Barley,2023-10-08,2024-02-13,148,7400,128,51,32204.8,partial,48,0,2024-02-13,-32204.8
1405,Customer_1405,customer1405@mail.com,stored,Barley,2024-03-23,2024-04-17,137,3425,25,32,3653.33,no,29,99325,2024-04-17,95671.67
1154,Customer_1154,customer1154@mail.com,storing,Maize,2024-02-13,2024-07-13,50,2500,151,21,5285.0,no,40,0,2024-07-13,-5285.0
237,Customer_237,customer237@mail.com,storing,Wheat,2023-10-23,2024-03-06,81,4050,135,52,18954.0,partial,37,0,2024-03-06,-18954.0
353,Customer_353,customer353@mail.com,sold,Barley,2023-08-30,2023-11-21,126,6300,83,28,9760.8,partial,41,0,2023-11-21,-9760.8
1171,Customer_1171,customer1171@mail.com,stored,Millet,2024-01-05,2024-06-20,194,4850,167,47,50756.87,yes,53,0,2024-06-20,-50756.87
266,Customer_266,customer266@mail.com,stored,Wheat,2023-05-30,2023-08-20,38,1900,82,27,2804.4,no,43,81700,2023-08-20,78895.6
1926,Customer_1926,customer1926@mail.com,sold,Barley,2023-11-24,2024-05-17,184,4600,175,20,21466.67,yes,26,0,2024-05-17,-21466.67
646,Customer_646,customer646@mail.com,storing,Barley,2023-09-14,2024-02-14,28,700,153,20,2856.0,partial,53,0,2024-02-14,-2856.0
1391,Customer_1391,customer1391@mail.com,sold,Rice,2024-02-24,2024-05-01,197,9850,67,21,9239.3,partial,44,433400,2024-05-01,424160.7
1143,Customer_1143,customer1143@mail.com,sold,Wheat,2024-05-03,2024-09-16,58,2900,136,39,10254.4,yes,33,0,2024-09-16,-10254.4
416,Customer_416,customer416@mail.com,stored,Barley,2024-03-15,2024-04-06,118,5900,22,34,2942.13,no,43,0,2024-04-06,-2942.13
479,Customer_479,customer479@mail.com,stored,Millet,2024-05-24,2024-11-03,164,8200,163,24,21385.6,partial,44,0,2024-11-03,-21385.6
841,Customer_841,customer841@mail.com,sold,Maize,2024-08-20,2025-01-27,97,4850,160,26,13450.67,no,29,0,2025-01-27,-13450.67
1015,Customer_1015,customer1015@mail.com,stored,Rice,2023-03-02,2023-04-27,199,9950,56,39,14487.2,yes,28,0,2023-04-27,-14487.2
1123,Customer_1123,customer1123@mail.com,storing,Millet,2023-09-23,2024-01-02,72,3600,101,44,10665.6,no,48,172800,2024-01-02,162134.4
729,Customer_729,customer729@mail.com,storing,Rice,2024-04-24,2024-05-07,87,4350,13,39,1470.3,partial,39,169650,2024-05-07,168179.7
1049,Customer_1049,customer1049@mail.com,stored,Barley,2023-07-09,2023-12-08,81,2025,152,56,22982.4,no,41,0,2023-12-08,-22982.4
1665,Customer_1665,customer1665@mail.com,sold,Rice,2023-03-25,2023-06-30,70,3500,97,37,8374.33,no,51,178500,2023-06-30,170125.67
1841,Customer_1841,customer1841@mail.com,stored,Sorghum,2024-06-01,2024-09-06,180,4500,97,37,21534.0,partial,46,0,2024-09-06,-21534.0
561,Customer_561,customer561@mail.com,stored,Barley,2023-12-08,2024-01-29,11,550,52,28,533.87,partial,38,20900,2024-01-29,20366.13
1619,Customer_1619,customer1619@mail.com,stored,Barley,2023-11-07,2024-03-26,50,1250,140,50,11666.67,partial,40,0,2024-03-26,-11666.67
1242,Customer_1242,customer1242@mail.com,stored,Sorghum,2023-02-01,2023-06-14,62,1550,133,24,6596.8,partial,38,58900,2023-06-14,52303.2
1926,Customer_1926,customer1926@mail.com,sold,Wheat,2024-06-23,2024-10-23,99,2475,122,41,16506.6,yes,55,0,2024-10-23,-16506.6
1029,Customer_1029,customer1029@mail.com,stored,Wheat,2023-10-26,2024-03-02,172,4300,128,48,35225.6,no,51,0,2024-03-02,-35225.6
1091,Customer_1091,customer1091@mail.com,sold,Rice,2023-10-03,2023-10-15,173,4325,12,24,1660.8,partial,51,220575,2023-10-15,218914.2
148,Customer_148,customer148@mail.com,storing,Wheat,2024-03-18,2024-04-14,14,700,27,22,277.2,partial,39,0,2024-04-14,-277.2
1773,Customer_1773,customer1773@mail.com,storing,Maize,2024-05-03,2024-07-18,102,2550,76,42,10852.8,partial,28,71400,2024-07-18,60547.2
1748,Customer_1748,customer1748@mail.com,sold,Sorghum,2023-04-12,2023-07-11,125,3125,90,60,22500.0,yes,36,112500,2023-07-11,90000.0
326,Customer_326,customer326@mail.com,sold,Barley,2024-01-21,2024-05-17,93,4650,117,26,9430.2,no,25,116250,2024-05-17,106819.8
250,Customer_250,customer250@mail.com,storing,Rice,2024-07-09,2024-10-04,95,4750,87,33,9091.5,partial,44,209000,2024-10-04,199908.5
1982,Customer_1982,customer1982@mail.com,storing,Maize,2023-08-16,2024-01-24,65,1625,161,32,11162.67,yes,36,0,2024-01-24,-11162.67
647,Customer_647,customer647@mail.com,stored,Sorghum,2024-02-28,2024-04-16,119,5950,48,57,10852.8,no,48,0,2024-04-16,-10852.8
1112,Customer_1112,customer1112@mail.com,stored,Maize,2023-11-24,2024-05-12,140,7000,170,35,27766.67,no,46,0,2024-05-12,-27766.67
532,Customer_532,customer532@mail.com,stored,Sorghum,2023-06-25,2023-08-25,158,7900,61,36,11565.6,no,38,300200,2023-08-25,288634.4
732,Customer_732,customer732@mail.com,sold,Barley,2023-07-20,2023-07-31,26,1300,11,56,533.87,partial,43,0,2023-07-31,-533.87
991,Customer_991,customer991@mail.com,stored,Maize,2023-09-18,2024-02-03,63,1575,138,32,9273.6,yes,30,47250,2024-02-03,37976.4
1719,Customer_1719,customer1719@mail.com,stored,Sorghum,2023-05-22,2023-09-01,182,4550,102,42,25989.6,yes,42,0,2023-09-01,-25989.6
64,Customer_64,customer64@mail.com,sold,Millet,2024-01-02,2024-03-06,76,3800,64,38,6161.07,no,48,0,2024-03-06,-6161.07
1555,Customer_1555,customer1555@mail.com,storing,Sorghum,2024-03-07,2024-08-05,175,8750,151,28,24663.33,yes,32,280000,2024-08-05,255336.67
317,Customer_317,customer317@mail.com,storing,Rice,2024-07-23,2024-08-28,20,500,36,57,1368.0,no,47,23500,2024-08-28,22132.0
567,Customer_567,customer567@mail.com,stored,Barley,2023-11-24,2024-01-13,154,7700,50,26,6673.33,yes,40,0,2024-01-13,-6673.33
1857,Customer_1857,customer1857@mail.com,sold,Rice,2024-06-11,2024-09-25,135,3375,106,41,19557.0,yes,41,138375,2024-09-25,118818.0
429,Customer_429,customer429@mail.com,sold,Millet,2023-01-21,2023-06-11,28,1400,141,48,6316.8,partial,45,0,2023-06-11,-6316.8
1526,Customer_1526,customer1526@mail.com,storing,Wheat,2023-11-21,2023-12-08,40,2000,17,32,725.33,no,48,0,2023-12-08,-725.33
1570,Customer_1570,customer1570@mail.com,sold,Millet,2023-09-17,2023-11-16,20,1000,60,20,800.0,partial,35,0,2023-11-16,-800.0
1914,Customer_1914,customer1914@mail.com,sold,Millet,2023-12-14,2024-03-15,14,350,92,37,1588.53,partial,47,0,2024-03-15,-1588.53
1854,Customer_1854,customer1854@mail.com,stored,Wheat,2023-03-30,2023-06-29,73,3650,91,41,9078.77,partial,48,175200,2023-06-29,166121.23
1315,Customer_1315,customer1315@mail.com,sold,Maize,2023-03-16,2023-06-10,167,4175,86,55,26330.33,no,48,0,2023-06-10,-26330.33
1458,Customer_1458,customer1458@mail.com,storing,Rice,2023-12-28,2024-06-24,174,4350,179,57,59177.4,no,53,230550,2024-06-24,171372.6
1639,Customer_1639,customer1639@mail.com,sold,Barley,2023-08-20,2023-12-25,63,3150,127,22,5867.4,yes,35,0,2023-12-25,-5867.4
1604,Customer_1604,customer1604@mail.com,storing,Wheat,2023-05-08,2023-06-02,156,3900,25,30,3900.0,partial,51,198900,2023-06-02,195000.0
237,Customer_237,customer237@mail.com,sold,Millet,2023-08-28,2024-01-06,118,2950,131,26,13396.93,partial,51,150450,2024-01-06,137053.07
64,Customer_64,customer64@mail.com,stored,Sorghum,2023-07-04,2023-11-09,112,5600,128,53,25326.93,partial,53,0,2023-11-09,-25326.93
675,Customer_675,customer675@mail.com,storing,Rice,2023-09-25,2023-10-29,113,2825,34,35,4482.33,no,26,73450,2023-10-29,68967.67
1011,Customer_1011,customer1011@mail.com,sold,Maize,2024-05-22,2024-06-25,162,4050,34,60,11016.0,partial,35,0,2024-06-25,-11016.0
1444,Customer_1444,customer1444@mail.com,stored,Sorghum,2024-02-03,2024-07-22,185,4625,170,24,25160.0,yes,40,185000,2024-07-22,159840.0
771,Customer_771,customer771@mail.com,sold,Maize,2024-08-18,2024-09-05,147,3675,18,47,4145.4,partial,54,0,2024-09-05,-4145.4
262,Customer_262,customer262@mail.com,sold,Maize,2023-06-28,2023-09-17,140,3500,81,36,13608.0,no,39,136500,2023-09-17,122892.0
1233,Customer_1233,customer1233@mail.com,stored,Maize,2024-06-19,2024-08-31,95,4750,73,58,13407.67,yes,51,242250,2024-08-31,228842.33
403,Customer_403,customer403@mail.com,sold,Barley,2024-01-13,2024-03-25,116,2900,72,54,15033.6,no,46,133400,2024-03-25,118366.4
1019,Customer_1019,customer1019@mail.com,sold,Maize,2024-06-17,2024-09-01,184,9200,76,24,11187.2,partial,28,0,2024-09-01,-11187.2
442,Customer_442,customer442@mail.com,storing,Maize,2024-06-30,2024-10-19,200,5000,111,59,43660.0,partial,35,175000,2024-10-19,131340.0
987,Customer_987,customer987@mail.com,storing,Rice,2024-06-01,2024-11-08,134,6700,160,20,14293.33,no,44,294800,2024-11-08,280506.67
1272,Customer_1272,customer1272@mail.com,storing,Wheat,2024-04-15,2024-08-03,107,2675,110,31,12162.33,no,47,0,2024-08-03,-12162.33
1280,Customer_1280,customer1280@mail.com,stored,Millet,2024-08-23,2024-11-06,109,5450,75,36,9810.0,partial,49,267050,2024-11-06,257240.0
1182,Customer_1182,customer1182@mail.com,stored,Sorghum,2023-12-25,2024-01-06,179,8950,12,43,3078.8,no,29,0,2024-01-06,-3078.8
1012,Customer_1012,customer1012@mail.com,sold,Maize,2024-01-06,2024-04-21,70,3500,106,31,7667.33,partial,32,112000,2024-04-21,104332.67
1171,Customer_1171,customer1171@mail.com,sold,Millet,2023-08-23,2023-11-20,46,1150,89,37,5049.27,partial,37,0,2023-11-20,-5049.27
1650,Customer_1650,customer1650@mail.com,stored,Maize,2023-08-29,2023-11-06,76,3800,69,32,5593.6,no,33,125400,2023-11-06,119806.4
651,Customer_651,customer651@mail.com,sold,Millet,2023-07-27,2023-08-25,159,7950,29,48,7377.6,no,48,381600,2023-08-25,374222.4
505,Customer_505,customer505@mail.com,storing,Wheat,2024-08-17,2025-01-30,172,8600,166,27,25696.8,partial,41,352600,2025-01-30,326903.2
600,Customer_600,customer600@mail.com,storing,Sorghum,2023-08-24,2024-01-14,22,1100,143,22,2307.07,partial,37,40700,2024-01-14,38392.93
781,Customer_781,customer781@mail.com,storing,Barley,2023-06-26,2023-12-01,136,6800,158,60,42976.0,no,25,170000,2023-12-01,127024.0
1985,Customer_1985,customer1985@mail.com,storing,Millet,2023-06-15,2023-09-14,145,3625,91,26,11435.67,yes,43,155875,2023-09-14,144439.33
1585,Customer_1585,customer1585@mail.com,sold,Rice,2024-04-02,2024-05-09,15,375,37,58,1073.0,partial,39,0,2024-05-09,-1073.0
96,Customer_96,customer96@mail.com,sold,Sorghum,2023-01-26,2023-03-27,165,4125,60,41,13530.0,no,49,0,2023-03-27,-13530.0
1500,Customer_1500,customer1500@mail.com,stored,Millet,2024-03-18,2024-04-18,26,650,31,22,591.07,yes,41,26650,2024-04-18,26058.93
525,Customer_525,customer525@mail.com,storing,Barley,2023-11-29,2024-05-19,154,3850,172,53,46795.47,partial,38,146300,2024-05-19,99504.53
675,Customer_675,customer675@mail.com,storing,Wheat,2024-03-30,2024-07-02,170,8500,94,49,26100.67,yes,37,0,2024-07-02,-26100.67
356,Customer_356,customer356@mail.com,stored,Barley,2024-05-14,2024-08-12,126,6300,90,33,12474.0,partial,55,346500,2024-08-12,334026.0
532,Customer_532,customer532@mail.com,storing,Barley,2023-01-31,2023-06-25,100,2500,145,59,28516.67,partial,50,0,2023-06-25,-28516.67
533,Customer_533,customer533@mail.com,stored,Maize,2023-03-15,2023-08-15,32,800,153,58,9465.6,partial,41,32800,2023-08-15,23334.4
380,Customer_380,customer380@mail.com,stored,Maize,2024-07-23,2024-12-24,111,5550,154,47,26780.6,yes,44,0,2024-12-24,-26780.6
570,Customer_570,customer570@mail.com,stored,Maize,2024-03-07,2024-06-07,176,8800,92,58,31304.53,yes,37,325600,2024-06-07,294295.47
693,Customer_693,customer693@mail.com,stored,Maize,2024-06-02,2024-08-12,189,9450,71,27,12077.1,yes,44,415800,2024-08-12,403722.9
823,Customer_823,customer823@mail.com,storing,Sorghum,2023-07-27,2023-09-07,69,1725,42,45,4347.0,no,33,0,2023-09-07,-4347.0
1107,Customer_1107,customer1107@mail.com,storing,Sorghum,2023-04-15,2023-08-18,122,3050,125,25,12708.33,partial,52,158600,2023-08-18,145891.67
1875,Customer_1875,customer1875@mail.com,storing,Barley,2023-11-13,2024-03-04,126,3150,112,31,14582.4,partial,32,100800,2024-03-04,86217.6
1562,Customer_1562,customer1562@mail.com,stored,Wheat,2024-03-29,2024-08-11,156,7800,135,43,30186.0,yes,37,288600,2024-08-11,258414.0
1629,Customer_1629,customer1629@mail.com,storing,Rice,2024-03-20,2024-04-22,189,4725,33,53,11018.7,no,38,179550,2024-04-22,168531.3
785,Customer_785,customer785@mail.com,storing,Millet,2023-08-19,2024-01-16,158,7900,150,55,43450.0,partial,41,0,2024-01-16,-43450.0
1424,Customer_1424,customer1424@mail.com,stored,Wheat,2023-07-12,2023-10-09,162,8100,89,29,13937.4,no,30,0,2023-10-09,-13937.4
1583,Customer_1583,customer1583@mail.com,storing,Maize,2024-03-12,2024-05-07,131,6550,56,28,6846.93,no,29,189950,2024-05-07,183103.07
258,Customer_258,customer258@mail.com,sold,Wheat,2024-05-06,2024-05-28,33,825,22,59,1427.8,no,25,20625,2024-05-28,19197.2
128,Customer_128,customer128@mail.com,stored,Rice,2023-03-09,2023-04-25,88,2200,47,24,3308.8,partial,54,118800,2023-04-25,115491.2
1487,Customer_1487,customer1487@mail.com,stored,Maize,2024-01-15,2024-03-26,60,1500,71,26,3692.0,partial,51,0,2024-03-26,-3692.0
1988,Customer_1988,customer1988@mail.com,stored,Maize,2023-05-25,2023-07-15,82,4100,51,22,3066.8,yes,29,118900,2023-07-15,115833.2
1037,Customer_1037,customer1037@mail.com,sold,Millet,2023-03-24,2023-05-02,26,650,39,21,709.8,yes,49,31850,2023-05-02,31140.2
240,Customer_240,customer240@mail.com,sold,Millet,2023-02-17,2023-07-05,39,1950,138,35,6279.0,yes,34,66300,2023-07-05,60021.0
1644,Customer_1644,customer1644@mail.com,stored,Wheat,2024-05-06,2024-07-01,84,2100,56,56,8780.8,no,45,0,2024-07-01,-8780.8
1342,Customer_1342,customer1342@mail.com,storing,Wheat,2023-08-20,2024-01-01,45,1125,134,27,5427.0,yes,40,0,2024-01-01,-5427.0
740,Customer_740,customer740@mail.com,stored,Rice,2024-03-23,2024-09-05,162,4050,166,46,41234.4,no,35,0,2024-09-05,-41234.4
829,Customer_829,customer829@mail.com,stored,Sorghum,2024-05-20,2024-07-25,116,5800,66,57,14546.4,partial,31,179800,2024-07-25,165253.6
71,Customer_71,customer71@mail.com,sold,Millet,2023-09-24,2023-11-30,180,9000,67,48,19296.0,no,28,0,2023-11-30,-19296.0
22,Customer_22,customer22@mail.com,storing,Wheat,2023-06-10,2023-12-04,152,3800,177,52,46633.6,partial,38,0,2023-12-04,-46633.6
1440,Customer_1440,customer1440@mail.com,sold,Barley,2024-02-28,2024-05-31,198,9900,93,27,16572.6,partial,30,297000,2024-05-31,280427.4
1100,Customer_1100,customer1100@mail.com,sold,Millet,2024-05-29,2024-08-16,16,400,79,52,2190.93,partial,50,0,2024-08-16,-2190.93
1443,Customer_1443,customer1443@mail.com,sold,Maize,2023-06-02,2023-07-01,141,7050,29,33,4497.9,yes,35,0,2023-07-01,-4497.9
42,Customer_42,customer42@mail.com,sold,Barley,2024-06-17,2024-09-16,191,4775,91,42,24333.4,no,50,0,2024-09-16,-24333.4
261,Customer_261,customer261@mail.com,sold,Rice,2023-08-24,2024-01-18,200,5000,147,44,43120.0,yes,51,255000,2024-01-18,211880.0
1134,Customer_1134,customer1134@mail.com,storing,Maize,2023-02-19,2023-07-31,41,2050,162,33,7306.2,no,43,88150,2023-07-31,80843.8
1389,Customer_1389,customer1389@mail.com,storing,Millet,2023-03-10,2023-04-19,19,950,40,36,912.0,yes,55,0,2023-04-19,-912.0
49,Customer_49,customer49@mail.com,sold,Rice,2024-08-05,2024-12-07,182,9100,124,32,24072.53,partial,35,0,2024-12-07,-24072.53
1626,Customer_1626,customer1626@mail.com,storing,Maize,2023-04-10,2023-06-12,86,2150,63,56,10113.6,no,46,0,2023-06-12,-10113.6
1824,Customer_1824,customer1824@mail.com,storing,Barley,2023-04-09,2023-05-24,49,2450,45,49,3601.5,no,31,0,2023-05-24,-3601.5
320,Customer_320,customer320@mail.com,sold,Sorghum,2023-11-17,2024-01-27,141,7050,71,54,18019.8,no,27,190350,2024-01-27,172330.2
661,Customer_661,customer661@mail.com,storing,Barley,2023-09-01,2024-01-26,84,2100,147,53,21814.8,no,37,0,2024-01-26,-21814.8
736,Customer_736,customer736@mail.com,sold,Barley,2024-01-17,2024-04-16,103,5150,90,20,6180.0,partial,38,195700,2024-04-16,189520.0
888,Customer_888,customer888@mail.com,stored,Rice,2024-01-09,2024-03-20,149,7450,71,45,15868.5,yes,32,238400,2024-03-20,222531.5
1874,Customer_1874,customer1874@mail.com,storing,Sorghum,2023-02-27,2023-06-07,83,2075,100,22,6086.67,yes,54,112050,2023-06-07,105963.33
1402,Customer_1402,customer1402@mail.com,stored,Maize,2024-03-08,2024-07-10,190,4750,124,39,30628.0,no,43,204250,2024-07-10,173622.0
1207,Customer_1207,customer1207@mail.com,storing,Maize,2023-10-20,2024-01-19,149,7450,91,33,14914.9,partial,39,0,2024-01-19,-14914.9
429,Customer_429,customer429@mail.com,sold,Millet,2023-05-16,2023-08-29,28,700,105,30,2940.0,no,40,0,2023-08-29,-2940.0
1250,Customer_1250,customer1250@mail.com,stored,Millet,2024-03-15,2024-05-25,113,2825,71,34,9092.73,no,32,90400,2024-05-25,81307.27
1318,Customer_1318,customer1318@mail.com,sold,Barley,2023-06-17,2023-07-11,192,9600,24,28,4300.8,no,27,0,2023-07-11,-4300.8
1138,Customer_1138,customer1138@mail.com,storing,Millet,2023-03-31,2023-08-03,10,500,125,45,1875.0,yes,51,0,2023-08-03,-1875.0
177,Customer_177,customer177@mail.com,sold,Barley,2023-10-30,2024-02-24,49,1225,117,33,6306.3,partial,55,67375,2024-02-24,61068.7
229,Customer_229,customer229@mail.com,sold,Sorghum,2023-03-31,2023-09-19,192,9600,172,21,23116.8,partial,28,0,2023-09-19,-23116.8
1322,Customer_1322,customer1322@mail.com,storing,Maize,2023-06-17,2023-09-07,110,5500,82,36,10824.0,partial,31,0,2023-09-07,-10824.0
1871,Customer_1871,customer1871@mail.com,storing,Sorghum,2023-03-22,2023-07-09,50,1250,109,59,10718.33,partial,40,0,2023-07-09,-10718.33
1554,Customer_1554,customer1554@mail.com,sold,Maize,2023-02-19,2023-04-04,63,1575,44,57,5266.8,yes,40,63000,2023-04-04,57733.2
1128,Customer_1128,customer1128@mail.com,stored,Rice,2023-05-02,2023-07-25,99,4950,84,28,7761.6,yes,39,193050,2023-07-25,185288.4
1031,Customer_1031,customer1031@mail.com,sold,Barley,2023-03-07,2023-03-20,135,6750,13,44,2574.0,no,33,222750,2023-03-20,220176.0
603,Customer_603,customer603@mail.com,storing,Wheat,2023-09-18,2023-10-23,113,5650,35,21,2768.5,yes,26,0,2023-10-23,-2768.5
742,Customer_742,customer742@mail.com,storing,Barley,2023-08-27,2024-02-12,20,1000,169,58,6534.67,no,38,38000,2024-02-12,31465.33
1132,Customer_1132,customer1132@mail.com,stored,Maize,2023-11-07,2024-01-06,102,5100,60,55,11220.0,partial,28,142800,2024-01-06,131580.0
1316,Customer_1316,customer1316@mail.com,sold,Rice,2024-02-10,2024-04-21,101,2525,71,49,11712.63,yes,47,118675,2024-04-21,106962.37
1587,Customer_1587,customer1587@mail.com,sold,Barley,2023-12-24,2024-06-03,193,4825,162,34,35434.8,yes,52,250900,2024-06-03,215465.2
1671,Customer_1671,customer1671@mail.com,stored,Millet,2023-01-13,2023-06-21,173,4325,159,49,44928.1,no,39,168675,2023-06-21,123746.9
1601,Customer_1601,customer1601@mail.com,sold,Maize,2023-06-04,2023-09-28,43,2150,116,21,3491.6,partial,26,55900,2023-09-28,52408.4
1813,Customer_1813,customer1813@mail.com,storing,Rice,2024-08-12,2024-11-11,18,900,91,56,3057.6,partial,36,32400,2024-11-11,29342.4
1577,Customer_1577,customer1577@mail.com,sold,Millet,2024-08-01,2024-11-22,171,4275,113,41,26408.1,yes,48,205200,2024-11-22,178791.9
1841,Customer_1841,customer1841@mail.com,sold,Maize,2023-07-10,2023-11-08,28,1400,121,27,3049.2,partial,35,49000,2023-11-08,45950.8
974,Customer_974,customer974@mail.com,stored,Wheat,2023-08-17,2024-02-09,41,1025,176,50,12026.67,yes,46,47150,2024-02-09,35123.33
23,Customer_23,customer23@mail.com,sold,Maize,2023-01-15,2023-06-24,178,4450,160,23,21834.67,yes,49,218050,2023-06-24,196215.33
1722,Customer_1722,customer1722@mail.com,stored,Sorghum,2023-01-18,2023-04-26,95,2375,98,53,16447.67,yes,30,0,2023-04-26,-16447.67
1619,Customer_1619,customer1619@mail.com,sold,Maize,2023-03-17,2023-07-23,179,4475,128,26,19857.07,no,40,179000,2023-07-23,159142.93
547,Customer_547,customer547@mail.com,sold,Millet,2024-05-19,2024-07-26,106,2650,68,37,8889.87,partial,25,66250,2024-07-26,57360.13
403,Customer_403,customer403@mail.com,storing,Rice,2023-12-10,2024-04-10,41,1025,122,25,4168.33,yes,48,0,2024-04-10,-4168.33
1657,Customer_1657,customer1657@mail.com,sold,Barley,2023-03-10,2023-05-17,63,1575,68,57,8139.6,partial,46,0,2023-05-17,-8139.6
106,Customer_106,customer106@mail.com,sold,Rice,2024-01-08,2024-04-15,199,9950,98,33,21452.2,yes,45,447750,2024-04-15,426297.8
1418,Customer_1418,customer1418@mail.com,sold,Maize,2023-02-27,2023-03-15,124,3100,16,36,2380.8,yes,27,0,2023-03-15,-2380.8
1766,Customer_1766,customer1766@mail.com,storing,Millet,2024-06-15,2024-09-24,199,4975,101,53,35508.23,yes,30,0,2024-09-24,-35508.23
1993,Customer_1993,customer1993@mail.com,stored,Wheat,2024-06-13,2024-12-03,77,3850,173,37,16429.23,yes,34,130900,2024-12-03,114470.77
1121,Customer_1121,customer1121@mail.com,stored,Wheat,2023-07-31,2023-10-31,155,7750,92,46,21865.33,yes,38,294500,2023-10-31,272634.67
323,Customer_323,customer323@mail.com,sold,Sorghum,2023-01-06,2023-05-16,184,4600,130,32,25514.67,no,35,161000,2023-05-16,135485.33
1389,Customer_1389,customer1389@mail.com,stored,Millet,2024-02-05,2024-07-27,138,6900,173,50,39790.0,no,52,0,2024-07-27,-39790.0
1791,Customer_1791,customer1791@mail.com,sold,Barley,2023-06-13,2023-09-18,118,2950,97,36,13735.2,partial,43,126850,2023-09-18,113114.8
625,Customer_625,customer625@mail.com,stored,Millet,2024-06-23,2024-09-27,173,8650,96,43,23804.8,partial,53,0,2024-09-27,-23804.8
110,Customer_110,customer110@mail.com,sold,Maize,2023-04-05,2023-10-01,16,800,179,31,2959.47,no,48,0,2023-10-01,-2959.47
1832,Customer_1832,customer1832@mail.com,stored,Barley,2024-07-22,2024-08-17,26,650,26,24,540.8,partial,36,23400,2024-08-17,22859.2
1924,Customer_1924,customer1924@mail.com,sold,Barley,2023-06-15,2023-12-09,103,2575,177,54,32815.8,yes,40,0,2023-12-09,-32815.8
1332,Customer_1332,customer1332@mail.com,sold,Barley,2023-06-29,2023-10-25,137,6850,118,22,11855.07,partial,27,0,2023-10-25,-11855.07
956,Customer_956,customer956@mail.com,sold,Millet,2024-04-08,2024-05-25,20,1000,47,38,1190.67,partial,46,46000,2024-05-25,44809.33
542,Customer_542,customer542@mail.com,stored,Barley,2023-09-14,2023-12-03,154,7700,80,34,13962.67,no,55,423500,2023-12-03,409537.33
713,Customer_713,customer713@mail.com,stored,Sorghum,2023-12-31,2024-03-23,30,1500,83,60,4980.0,yes,55,82500,2024-03-23,77520.0
42,Customer_42,customer42@mail.com,storing,Sorghum,2023-10-25,2023-12-13,128,6400,49,29,6062.93,no,46,0,2023-12-13,-6062.93
982,Customer_982,customer982@mail.com,sold,Sorghum,2024-06-04,2024-07-04,196,4900,30,50,9800.0,yes,28,0,2024-07-04,-9800.0
719,Customer_719,customer719@mail.com,sold,Rice,2023-12-16,2024-04-07,10,250,113,27,1017.0,partial,54,13500,2024-04-07,12483.0
1974,Customer_1974,customer1974@mail.com,sold,Maize,2023-02-25,2023-06-08,73,1825,103,58,14536.73,yes,53,0,2023-06-08,-14536.73
706,Customer_706,customer706@mail.com,stored,Wheat,2023-08-03,2023-12-03,32,1600,122,38,4945.07,no,43,0,2023-12-03,-4945.07
1514,Customer_1514,customer1514@mail.com,stored,Sorghum,2024-08-22,2024-10-09,178,8900,48,25,7120.0,no,25,0,2024-10-09,-7120.0
525,Customer_525,customer525@mail.com,sold,Wheat,2023-08-17,2023-12-27,72,1800,132,57,18057.6,yes,34,0,2023-12-27,-18057.6
645,Customer_645,customer645@mail.com,stored,Barley,2024-01-09,2024-02-20,172,8600,42,59,14207.2,partial,32,0,2024-02-20,-14207.2
486,Customer_486,customer486@mail.com,sold,Rice,2023-06-21,2023-11-30,62,3100,162,25,8370.0,partial,44,0,2023-11-30,-8370.0
1674,Customer_1674,customer1674@mail.com,stored,Sorghum,2023-03-02,2023-08-17,43,1075,168,21,5056.8,partial,54,58050,2023-08-17,52993.2
600,Customer_600,customer600@mail.com,storing,Sorghum,2023-06-12,2023-10-18,144,3600,128,33,20275.2,partial,29,104400,2023-10-18,84124.8
1892,Customer_1892,customer1892@mail.com,sold,Rice,2024-03-10,2024-05-09,30,1500,60,36,2160.0,no,27,0,2024-05-09,-2160.0
1934,Customer_1934,customer1934@mail.com,storing,Rice,2023-02-21,2023-04-27,177,4425,65,29,11121.5,no,33,0,2023-04-27,-11121.5
1262,Customer_1262,customer1262@mail.com,storing,Rice,2023-09-02,2023-10-17,197,4925,45,38,11229.0,yes,27,0,2023-10-17,-11229.0
36,Customer_36,customer36@mail.com,storing,Wheat,2023-04-22,2023-05-14,182,9100,22,49,6539.87,partial,28,254800,2023-05-14,248260.13
1611,Customer_1611,customer1611@mail.com,storing,Maize,2023-11-15,2024-05-06,17,425,173,53,5195.77,yes,37,0,2024-05-06,-5195.77
798,Customer_798,customer798@mail.com,storing,Rice,2024-03-02,2024-07-21,84,2100,141,44,17371.2,partial,26,54600,2024-07-21,37228.8
996,Customer_996,customer996@mail.com,sold,Barley,2023-09-08,2024-02-02,174,8700,147,47,40072.2,yes,30,0,2024-02-02,-40072.2
1573,Customer_1573,customer1573@mail.com,sold,Barley,2023-10-09,2023-12-25,66,1650,77,52,8808.8,yes,54,0,2023-12-25,-8808.8
470,Customer_470,customer470@mail.com,storing,Rice,2023-02-22,2023-03-16,31,1550,22,47,1068.47,partial,53,82150,2023-03-16,81081.53
853,Customer_853,customer853@mail.com,sold,Wheat,2023-05-18,2023-06-06,125,3125,19,34,2691.67,no,47,146875,2023-06-06,144183.33
1336,Customer_1336,customer1336@mail.com,sold,Sorghum,2024-07-15,2024-09-14,193,4825,61,27,10595.7,yes,48,0,2024-09-14,-10595.7
1054,Customer_1054,customer1054@mail.com,stored,Barley,2023-05-15,2023-08-27,12,600,104,25,1040.0,yes,36,0,2023-08-27,-1040.0
929,Customer_929,customer929@mail.com,storing,Barley,2023-09-28,2024-01-23,120,3000,117,21,9828.0,partial,53,159000,2024-01-23,149172.0
393,Customer_393,customer393@mail.com,storing,Sorghum,2023-02-20,2023-04-02,164,4100,41,30,6724.0,yes,53,0,2023-04-02,-6724.0
1342,Customer_1342,customer1342@mail.com,storing,Barley,2024-03-04,2024-08-14,186,4650,163,24,24254.4,no,29,134850,2024-08-14,110595.6
1189,Customer_1189,customer1189@mail.com,storing,Millet,2023-10-19,2024-03-01,157,7850,134,22,15427.87,partial,32,251200,2024-03-01,235772.13
347,Customer_347,customer347@mail.com,stored,Wheat,2023-10-04,2024-02-11,102,2550,130,55,24310.0,partial,29,73950,2024-02-11,49640.0
1993,Customer_1993,customer1993@mail.com,sold,Wheat,2024-06-21,2024-09-15,40,1000,86,30,3440.0,partial,36,36000,2024-09-15,32560.0
615,Customer_615,customer615@mail.com,storing,Sorghum,2024-03-29,2024-05-07,98,2450,39,46,5860.4,yes,25,61250,2024-05-07,55389.6
767,Customer_767,customer767@mail.com,sold,Rice,2024-02-18,2024-03-03,127,6350,14,42,2489.2,partial,55,349250,2024-03-03,346760.8
1883,Customer_1883,customer1883@mail.com,stored,Maize,2023-02-13,2023-08-01,18,450,169,44,4461.6,yes,35,15750,2023-08-01,11288.4
914,Customer_914,customer914@mail.com,storing,Sorghum,2024-03-20,2024-04-19,97,4850,30,34,3298.0,no,53,0,2024-04-19,-3298.0
276,Customer_276,customer276@mail.com,sold,Barley,2024-08-05,2024-10-31,95,2375,87,26,7163.0,no,27,0,2024-10-31,-7163.0
620,Customer_620,customer620@mail.com,sold,Barley,2023-10-05,2023-12-31,142,3550,87,51,21001.8,no,55,195250,2023-12-31,174248.2
341,Customer_341,customer341@mail.com,sold,Barley,2023-01-20,2023-04-22,95,4750,92,33,9614.0,partial,42,199500,2023-04-22,189886.0
539,Customer_539,customer539@mail.com,storing,Barley,2024-03-04,2024-07-06,129,3225,124,41,21861.2,partial,34,0,2024-07-06,-21861.2
128,Customer_128,customer128@mail.com,stored,Millet,2023-07-12,2023-09-23,79,3950,73,20,3844.67,partial,43,0,2023-09-23,-3844.67
400,Customer_400,customer400@mail.com,stored,Rice,2023-11-17,2024-01-06,67,3350,50,30,3350.0,partial,48,160800,2024-01-06,157450.0
547,Customer_547,customer547@mail.com,storing,Sorghum,2023-01-03,2023-02-23,57,2850,51,52,5038.8,no,31,88350,2023-02-23,83311.2
1671,Customer_1671,customer1671@mail.com,sold,Maize,2023-02-05,2023-05-01,78,1950,85,40,8840.0,yes,28,54600,2023-05-01,45760.0
1862,Customer_1862,customer1862@mail.com,sold,Millet,2023-04-17,2023-05-17,119,2975,30,33,3927.0,partial,31,92225,2023-05-17,88298.0
781,Customer_781,customer781@mail.com,sold,Sorghum,2023-04-18,2023-05-28,100,5000,40,52,6933.33,no,50,0,2023-05-28,-6933.33
148,Customer_148,customer148@mail.com,storing,Rice,2024-02-27,2024-05-27,114,5700,90,55,18810.0,yes,44,0,2024-05-27,-18810.0
251,Customer_251,customer251@mail.com,stored,Sorghum,2023-08-16,2023-09-18,172,4300,33,39,7378.8,yes,50,215000,2023-09-18,207621.2
1115,Customer_1115,customer1115@mail.com,stored,Millet,2023-07-06,2023-10-19,112,2800,105,32,12544.0,yes,55,154000,2023-10-19,141456.0
657,Customer_657,customer657@mail.com,storing,Wheat,2023-04-14,2023-09-17,52,1300,156,27,7300.8,partial,50,0,2023-09-17,-7300.8
1511,Customer_1511,customer1511@mail.com,storing,Millet,2023-06-18,2023-11-18,88,4400,153,35,15708.0,partial,31,0,2023-11-18,-15708.0
969,Customer_969,customer969@mail.com,storing,Sorghum,2024-08-16,2024-10-10,29,1450,55,29,1541.83,yes,37,0,2024-10-10,-1541.83
518,Customer_518,customer518@mail.com,storing,Maize,2024-02-26,2024-04-13,30,1500,47,46,2162.0,partial,34,0,2024-04-13,-2162.0
460,Customer_460,customer460@mail.com,sold,Millet,2023-10-04,2024-03-13,118,5900,161,56,35462.93,yes,36,212400,2024-03-13,176937.07
223,Customer_223,customer223@mail.com,stored,Millet,2023-10-01,2023-12-17,182,9100,77,31,14481.13,partial,32,0,2023-12-17,-14481.13
1086,Customer_1086,customer1086@mail.com,stored,Millet,2024-08-19,2025-02-03,104,5200,168,41,23878.4,partial,40,0,2025-02-03,-23878.4
1509,Customer_1509,customer1509@mail.com,sold,Maize,2023-02-09,2023-08-03,28,700,175,31,5063.33,partial,39,27300,2023-08-03,22236.67
720,Customer_720,customer720@mail.com,sold,Barley,2023-10-13,2023-11-04,44,1100,22,34,1097.07,yes,44,48400,2023-11-04,47302.93
616,Customer_616,customer616@mail.com,sold,Maize,2023-08-12,2024-01-09,34,850,150,35,5950.0,partial,54,0,2024-01-09,-5950.0
1691,Customer_1691,customer1691@mail.com,sold,Wheat,2023-03-23,2023-08-10,182,4550,140,38,32274.67,no,36,0,2023-08-10,-32274.67
357,Customer_357,customer357@mail.com,storing,Sorghum,2023-04-24,2023-06-08,191,9550,45,54,15471.0,partial,26,248300,2023-06-08,232829.0
1377,Customer_1377,customer1377@mail.com,storing,Sorghum,2024-01-01,2024-02-02,121,3025,32,27,3484.8,partial,29,87725,2024-02-02,84240.2
516,Customer_516,customer516@mail.com,sold,Rice,2024-03-06,2024-08-08,48,2400,155,58,14384.0,no,39,0,2024-08-08,-14384.0
359,Customer_359,customer359@mail.com,stored,Barley,2024-05-21,2024-06-13,90,2250,23,23,1587.0,no,37,83250,2024-06-13,81663.0
1526,Customer_1526,customer1526@mail.com,sold,Barley,2023-06-24,2023-10-15,124,3100,113,30,14012.0,no,37,0,2023-10-15,-14012.0
1788,Customer_1788,customer1788@mail.com,sold,Rice,2024-06-17,2024-07-14,144,3600,27,28,3628.8,no,28,0,2024-07-14,-3628.8
1565,Customer_1565,customer1565@mail.com,stored,Barley,2024-01-01,2024-03-31,75,1875,90,43,9675.0,no,53,0,2024-03-31,-9675.0
438,Customer_438,customer438@mail.com,stored,Rice,2023-11-13,2024-01-02,188,9400,50,55,17233.33,no,32,300800,2024-01-02,283566.67
1607,Customer_1607,customer1607@mail.com,sold,Wheat,2024-02-25,2024-07-17,71,1775,143,35,11845.17,no,27,47925,2024-07-17,36079.83
1258,Customer_1258,customer1258@mail.com,stored,Maize,2023-07-26,2023-11-04,117,5850,101,26,10241.4,no,37,216450,2023-11-04,206208.6
1609,Customer_1609,customer1609@mail.com,stored,Sorghum,2024-03-29,2024-07-10,65,3250,103,28,6248.67,yes,35,0,2024-07-10,-6248.67
1662,Customer_1662,customer1662@mail.com,stored,Barley,2023-03-29,2023-07-19,172,8600,112,46,29538.13,no,40,0,2023-07-19,-29538.13
122,Customer_122,customer122@mail.com,sold,Sorghum,2023-03-01,2023-07-28,143,7150,149,22,15625.13,partial,37,264550,2023-07-28,248924.87
181,Customer_181,customer181@mail.com,storing,Rice,2023-09-10,2023-12-16,180,4500,97,40,23280.0,partial,46,0,2023-12-16,-23280.0
1338,Customer_1338,customer1338@mail.com,stored,Maize,2024-08-05,2024-08-29,180,4500,24,32,4608.0,partial,47,211500,2024-08-29,206892.0
466,Customer_466,customer466@mail.com,storing,Sorghum,2023-05-06,2023-06-18,122,3050,43,59,10317.13,yes,46,0,2023-06-18,-10317.13
1384,Customer_1384,customer1384@mail.com,storing,Barley,2023-06-10,2023-10-12,135,3375,124,45,25110.0,partial,30,101250,2023-10-12,76140.0
536,Customer_536,customer536@mail.com,storing,Rice,2023-02-19,2023-03-09,123,6150,18,48,3542.4,partial,42,0,2023-03-09,-3542.4
1597,Customer_1597,customer1597@mail.com,sold,Wheat,2024-06-14,2024-08-06,99,2475,53,41,7170.9,yes,29,71775,2024-08-06,64604.1
557,Customer_557,customer557@mail.com,sold,Maize,2023-10-22,2024-01-12,84,4200,82,41,9413.6,yes,27,113400,2024-01-12,103986.4
1722,Customer_1722,customer1722@mail.com,storing,Wheat,2023-05-27,2023-08-12,183,4575,77,29,13621.3,yes,42,192150,2023-08-12,178528.7
1399,Customer_1399,customer1399@mail.com,storing,Sorghum,2024-04-29,2024-10-26,81,4050,180,23,11178.0,no,52,0,2024-10-26,-11178.0
111,Customer_111,customer111@mail.com,storing,Millet,2023-11-18,2024-05-14,133,3325,178,49,38667.53,yes,35,0,2024-05-14,-38667.53
852,Customer_852,customer852@mail.com,sold,Millet,2024-08-23,2024-12-04,116,5800,103,23,9160.13,partial,29,168200,2024-12-04,159039.87
1122,Customer_1122,customer1122@mail.com,storing,Wheat,2024-08-14,2025-01-24,184,9200,163,55,54985.33,partial,26,239200,2025-01-24,184214.67
1287,Customer_1287,customer1287@mail.com,sold,Wheat,2024-03-02,2024-08-24,19,950,175,42,4655.0,no,29,27550,2024-08-24,22895.0
1922,Customer_1922,customer1922@mail.com,sold,Wheat,2024-03-27,2024-09-19,51,2550,176,22,6582.4,yes,39,99450,2024-09-19,92867.6
1745,Customer_1745,customer1745@mail.com,storing,Maize,2023-05-06,2023-08-09,100,5000,95,34,10766.67,yes,54,0,2023-08-09,-10766.67
523,Customer_523,customer523@mail.com,stored,Wheat,2023-01-30,2023-07-10,86,2150,161,49,22615.13,yes,28,60200,2023-07-10,37584.87
34,Customer_34,customer34@mail.com,stored,Sorghum,2023-12-28,2024-01-14,87,4350,17,51,2514.3,yes,31,0,2024-01-14,-2514.3
509,Customer_509,customer509@mail.com,sold,Millet,2024-06-10,2024-11-26,53,2650,169,27,8061.3,yes,26,68900,2024-11-26,60838.7
552,Customer_552,customer552@mail.com,stored,Maize,2024-06-30,2024-12-09,38,950,162,53,10875.6,no,43,0,2024-12-09,-10875.6
1312,Customer_1312,customer1312@mail.com,sold,Millet,2024-01-12,2024-04-23,25,1250,102,24,2040.0,no,42,0,2024-04-23,-2040.0
1055,Customer_1055,customer1055@mail.com,storing,Wheat,2024-04-03,2024-07-24,130,6500,112,23,11162.67,no,34,0,2024-07-24,-11162.67
1601,Customer_1601,customer1601@mail.com,stored,Sorghum,2023-09-04,2023-11-30,50,1250,87,25,3625.0,partial,47,0,2023-11-30,-3625.0
527,Customer_527,customer527@mail.com,storing,Millet,2023-12-16,2024-03-09,130,6500,84,49,17836.0,yes,35,227500,2024-03-09,209664.0
275,Customer_275,customer275@mail.com,storing,Wheat,2023-12-23,2024-03-17,52,2600,85,50,7366.67,yes,34,0,2024-03-17,-7366.67
1580,Customer_1580,customer1580@mail.com,stored,Maize,2023-01-08,2023-02-05,63,3150,28,54,3175.2,no,28,88200,2023-02-05,85024.8
1405,Customer_1405,customer1405@mail.com,storing,Millet,2023-05-15,2023-08-26,72,1800,103,50,12360.0,yes,42,75600,2023-08-26,63240.0
1192,Customer_1192,customer1192@mail.com,storing,Barley,2024-03-27,2024-09-20,139,6950,177,49,40184.9,partial,54,0,2024-09-20,-40184.9
862,Customer_862,customer862@mail.com,stored,Barley,2024-07-28,2024-10-14,112,5600,78,46,13395.2,no,39,218400,2024-10-14,205004.8
985,Customer_985,customer985@mail.com,storing,Maize,2023-04-05,2023-09-07,42,2100,155,48,10416.0,partial,49,102900,2023-09-07,92484.0
667,Customer_667,customer667@mail.com,storing,Barley,2024-01-17,2024-05-14,57,1425,118,40,8968.0,partial,29,41325,2024-05-14,32357.0
1066,Customer_1066,customer1066@mail.com,storing,Millet,2024-05-27,2024-08-16,133,3325,81,52,18673.2,partial,31,103075,2024-08-16,84401.8
1363,Customer_1363,customer1363@mail.com,storing,Millet,2023-03-29,2023-05-29,44,1100,61,50,4473.33,partial,33,36300,2023-05-29,31826.67
297,Customer_297,customer297@mail.com,stored,Rice,2024-03-31,2024-07-23,198,4950,114,32,24076.8,no,25,123750,2024-07-23,99673.2
1807,Customer_1807,customer1807@mail.com,storing,Millet,2024-01-22,2024-05-18,137,6850,117,46,24577.8,yes,43,0,2024-05-18,-24577.8
1558,Customer_1558,customer1558@mail.com,storing,Rice,2023-05-19,2023-10-06,113,5650,140,31,16347.33,yes,29,163850,2023-10-06,147502.67
1605,Customer_1605,customer1605@mail.com,stored,Sorghum,2024-06-09,2024-10-27,28,1400,140,33,4312.0,yes,50,70000,2024-10-27,65688.0
1877,Customer_1877,customer1877@mail.com,stored,Barley,2023-01-27,2023-06-11,103,5150,135,47,21784.5,partial,50,257500,2023-06-11,235715.5
1715,Customer_1715,customer1715@mail.com,sold,Barley,2024-02-11,2024-04-15,194,4850,64,49,20279.47,yes,29,140650,2024-04-15,120370.53
537,Customer_537,customer537@mail.com,stored,Rice,2023-06-16,2023-10-06,10,500,112,33,1232.0,yes,42,0,2023-10-06,-1232.0
958,Customer_958,customer958@mail.com,stored,Sorghum,2023-11-13,2023-12-29,148,3700,46,31,7034.93,partial,28,103600,2023-12-29,96565.07
1209,Customer_1209,customer1209@mail.com,sold,Millet,2024-07-31,2024-09-06,21,525,37,36,932.4,yes,34,0,2024-09-06,-932.4
71,Customer_71,customer71@mail.com,sold,Millet,2024-02-09,2024-06-22,89,4450,134,52,20671.73,partial,49,0,2024-06-22,-20671.73
462,Customer_462,customer462@mail.com,stored,Wheat,2023-07-12,2023-11-29,67,3350,140,22,6878.67,partial,40,134000,2023-11-29,127121.33
1865,Customer_1865,customer1865@mail.com,sold,Sorghum,2023-07-02,2023-10-15,70,1750,105,51,12495.0,partial,32,0,2023-10-15,-12495.0
1864,Customer_1864,customer1864@mail.com,storing,Wheat,2023-03-28,2023-05-22,71,1775,55,48,6248.0,yes,39,69225,2023-05-22,62977.0
154,Customer_154,customer154@mail.com,storing,Sorghum,2024-02-13,2024-03-28,105,2625,44,40,6160.0,no,32,0,2024-03-28,-6160.0
1345,Customer_1345,customer1345@mail.com,sold,Barley,2023-12-15,2024-05-16,164,4100,153,57,47674.8,no,46,0,2024-05-16,-47674.8
399,Customer_399,customer399@mail.com,stored,Sorghum,2023-04-02,2023-07-07,17,425,96,43,2339.2,no,50,21250,2023-07-07,18910.8
130,Customer_130,customer130@mail.com,sold,Rice,2024-01-30,2024-05-25,66,1650,116,36,9187.2,yes,26,42900,2024-05-25,33712.8
1140,Customer_1140,customer1140@mail.com,sold,Wheat,2023-02-15,2023-02-26,174,8700,11,31,1977.8,partial,29,0,2023-02-26,-1977.8
476,Customer_476,customer476@mail.com,sold,Maize,2023-11-17,2024-03-19,60,3000,123,56,13776.0,partial,41,123000,2024-03-19,109224.0
1233,Customer_1233,customer1233@mail.com,stored,Millet,2023-12-21,2024-03-26,20,500,96,29,1856.0,no,53,26500,2024-03-26,24644.0
582,Customer_582,customer582@mail.com,sold,Rice,2023-07-16,2023-11-25,157,7850,132,21,14506.8,partial,30,0,2023-11-25,-14506.8
1878,Customer_1878,customer1878@mail.com,storing,Barley,2023-11-04,2024-02-23,182,9100,111,52,35016.8,yes,30,273000,2024-02-23,237983.2
1292,Customer_1292,customer1292@mail.com,stored,Millet,2024-07-19,2024-10-26,100,5000,99,45,14850.0,partial,41,0,2024-10-26,-14850.0
743,Customer_743,customer743@mail.com,stored,Maize,2024-07-14,2024-09-16,82,4100,64,53,9271.47,yes,48,0,2024-09-16,-9271.47
1998,Customer_1998,customer1998@mail.com,stored,Rice,2024-04-12,2024-06-09,118,2950,58,57,13003.6,no,50,0,2024-06-09,-13003.6
179,Customer_179,customer179@mail.com,sold,Wheat,2023-03-19,2023-06-19,105,5250,92,21,6762.0,partial,35,183750,2023-06-19,176988.0
443,Customer_443,customer443@mail.com,storing,Maize,2023-05-25,2023-07-27,197,4925,63,21,8687.7,partial,43,211775,2023-07-27,203087.3
1598,Customer_1598,customer1598@mail.com,storing,Barley,2024-01-23,2024-06-09,170,4250,138,53,41446.0,no,40,170000,2024-06-09,128554.0
1267,Customer_1267,customer1267@mail.com,stored,Millet,2023-12-19,2024-01-08,22,550,20,54,792.0,partial,43,0,2024-01-08,-792.0
360,Customer_360,customer360@mail.com,sold,Barley,2024-01-23,2024-03-27,26,1300,64,46,2551.47,partial,35,45500,2024-03-27,42948.53
1221,Customer_1221,customer1221@mail.com,sold,Millet,2024-08-23,2025-01-27,105,2625,157,32,17584.0,yes,42,110250,2025-01-27,92666.0
346,Customer_346,customer346@mail.com,sold,Rice,2024-03-12,2024-08-12,61,3050,153,50,15555.0,no,28,85400,2024-08-12,69845.0
871,Customer_871,customer871@mail.com,sold,Rice,2024-02-25,2024-05-23,189,4725,88,22,12196.8,yes,40,189000,2024-05-23,176803.2
1530,Customer_1530,customer1530@mail.com,stored,Sorghum,2024-04-05,2024-04-19,18,900,14,48,403.2,partial,38,0,2024-04-19,-403.2
684,Customer_684,customer684@mail.com,storing,Barley,2023-04-21,2023-10-16,56,1400,178,50,16613.33,yes,44,61600,2023-10-16,44986.67
64,Customer_64,customer64@mail.com,sold,Barley,2023-06-10,2023-12-03,42,1050,176,20,4928.0,no,47,49350,2023-12-03,44422.0
1278,Customer_1278,customer1278@mail.com,stored,Maize,2024-05-11,2024-06-22,78,3900,42,23,2511.6,partial,33,0,2024-06-22,-2511.6
1917,Customer_1917,customer1917@mail.com,stored,Barley,2024-08-23,2024-10-27,127,6350,65,39,10731.5,partial,50,0,2024-10-27,-10731.5
510,Customer_510,customer510@mail.com,sold,Wheat,2023-05-24,2023-08-04,105,5250,72,50,12600.0,partial,26,136500,2023-08-04,123900.0
821,Customer_821,customer821@mail.com,stored,Rice,2023-08-16,2024-01-06,96,4800,143,49,22422.4,no,28,134400,2024-01-06,111977.6
1633,Customer_1633,customer1633@mail.com,stored,Wheat,2024-06-24,2024-12-13,101,2525,172,36,20846.4,partial,45,0,2024-12-13,-20846.4
91,Customer_91,customer91@mail.com,sold,Wheat,2024-07-21,2024-11-19,21,525,121,44,3726.8,yes,50,0,2024-11-19,-3726.8
144,Customer_144,customer144@mail.com,stored,Rice,2023-01-04,2023-04-28,19,475,114,53,3826.6,partial,32,0,2023-04-28,-3826.6
1229,Customer_1229,customer1229@mail.com,stored,Rice,2024-01-23,2024-06-18,63,1575,147,29,8952.3,yes,26,0,2024-06-18,-8952.3
1816,Customer_1816,customer1816@mail.com,storing,Millet,2024-04-13,2024-06-14,39,975,62,32,2579.2,yes,34,33150,2024-06-14,30570.8
397,Customer_397,customer397@mail.com,sold,Barley,2023-08-19,2023-12-22,175,4375,125,25,18229.17,no,42,183750,2023-12-22,165520.83
1368,Customer_1368,customer1368@mail.com,stored,Sorghum,2024-05-24,2024-07-01,115,2875,38,21,3059.0,yes,51,0,2024-07-01,-3059.0
846,Customer_846,customer846@mail.com,stored,Wheat,2024-08-17,2025-01-28,184,9200,164,50,50293.33,no,45,0,2025-01-28,-50293.33
1937,Customer_1937,customer1937@mail.com,sold,Maize,2023-10-05,2024-03-26,193,4825,173,43,47857.57,yes,39,188175,2024-03-26,140317.43
1058,Customer_1058,customer1058@mail.com,stored,Millet,2023-11-04,2024-02-10,17,425,98,20,1110.67,no,39,0,2024-02-10,-1110.67
948,Customer_948,customer948@mail.com,stored,Barley,2024-05-07,2024-05-27,124,6200,20,25,2066.67,no,40,248000,2024-05-27,245933.33
1621,Customer_1621,customer1621@mail.com,storing,Barley,2024-08-12,2024-09-11,144,3600,30,23,3312.0,yes,37,0,2024-09-11,-3312.0
223,Customer_223,customer223@mail.com,stored,Maize,2024-08-06,2025-01-13,102,2550,160,39,21216.0,yes,51,0,2025-01-13,-21216.0
1384,Customer_1384,customer1384@mail.com,storing,Millet,2023-08-16,2023-09-02,51,1275,17,36,1040.4,yes,42,0,2023-09-02,-1040.4
785,Customer_785,customer785@mail.com,stored,Wheat,2024-06-14,2024-11-02,30,1500,141,29,4089.0,no,52,0,2024-11-02,-4089.0
411,Customer_411,customer411@mail.com,sold,Sorghum,2023-01-21,2023-05-27,186,9300,126,59,46090.8,partial,53,492900,2023-05-27,446809.2
586,Customer_586,customer586@mail.com,stored,Barley,2023-11-25,2024-02-08,127,6350,75,21,6667.5,partial,40,254000,2024-02-08,247332.5
780,Customer_780,customer780@mail.com,stored,Sorghum,2024-05-04,2024-06-21,57,2850,48,52,4742.4,yes,44,0,2024-06-21,-4742.4
973,Customer_973,customer973@mail.com,sold,Sorghum,2024-08-03,2024-12-31,78,1950,150,45,17550.0,no,37,0,2024-12-31,-17550.0
201,Customer_201,customer201@mail.com,sold,Millet,2023-12-22,2024-04-29,153,3825,129,49,32237.1,no,29,110925,2024-04-29,78687.9
1161,Customer_1161,customer1161@mail.com,stored,Rice,2023-01-23,2023-04-11,75,3750,78,25,4875.0,no,52,195000,2023-04-11,190125.0
283,Customer_283,customer283@mail.com,stored,Rice,2023-05-06,2023-07-29,28,700,84,58,4547.2,yes,47,0,2023-07-29,-4547.2
327,Customer_327,customer327@mail.com,stored,Wheat,2023-01-07,2023-03-20,148,3700,72,40,14208.0,no,26,96200,2023-03-20,81992.0
1063,Customer_1063,customer1063@mail.com,stored,Millet,2023-06-06,2023-11-15,40,2000,162,49,10584.0,partial,54,108000,2023-11-15,97416.0
1261,Customer_1261,customer1261@mail.com,storing,Millet,2023-05-27,2023-10-02,159,7950,128,41,27814.4,no,40,0,2023-10-02,-27814.4
1659,Customer_1659,customer1659@mail.com,sold,Maize,2024-01-21,2024-02-02,171,4275,12,42,2872.8,no,44,0,2024-02-02,-2872.8
1920,Customer_1920,customer1920@mail.com,sold,Rice,2024-03-04,2024-04-20,111,2775,47,49,8521.1,partial,41,113775,2024-04-20,105253.9
1427,Customer_1427,customer1427@mail.com,sold,Wheat,2023-06-18,2023-12-11,168,4200,176,43,42380.8,partial,47,197400,2023-12-11,155019.2
818,Customer_818,customer818@mail.com,storing,Wheat,2024-03-30,2024-06-08,127,6350,70,50,14816.67,yes,47,298450,2024-06-08,283633.33
1731,Customer_1731,customer1731@mail.com,storing,Rice,2024-08-13,2024-11-29,82,4100,108,58,17121.6,yes,55,0,2024-11-29,-17121.6
1809,Customer_1809,customer1809@mail.com,storing,Barley,2023-08-23,2023-09-03,157,3925,11,56,3223.73,partial,52,0,2023-09-03,-3223.73
318,Customer_318,customer318@mail.com,storing,Millet,2024-05-24,2024-10-22,41,2050,151,44,9080.13,no,44,90200,2024-10-22,81119.87
1223,Customer_1223,customer1223@mail.com,sold,Barley,2023-06-18,2023-11-08,172,4300,143,58,47552.27,no,52,0,2023-11-08,-47552.27
304,Customer_304,customer304@mail.com,sold,Sorghum,2023-10-13,2024-01-04,158,7900,83,58,25353.73,yes,28,0,2024-01-04,-25353.73
1519,Customer_1519,customer1519@mail.com,storing,Millet,2024-07-19,2025-01-11,127,3175,176,28,20861.87,yes,25,79375,2025-01-11,58513.13
153,Customer_153,customer153@mail.com,stored,Rice,2023-04-21,2023-07-06,98,2450,76,40,9930.67,partial,55,134750,2023-07-06,124819.33
38,Customer_38,customer38@mail.com,stored,Millet,2023-09-11,2023-09-30,147,3675,19,43,4003.3,no,38,139650,2023-09-30,135646.7
1926,Customer_1926,customer1926@mail.com,stored,Rice,2024-03-22,2024-04-21,196,4900,30,44,8624.0,no,28,137200,2024-04-21,128576.0
1439,Customer_1439,customer1439@mail.com,stored,Millet,2024-07-22,2024-12-25,198,9900,156,29,29858.4,partial,39,0,2024-12-25,-29858.4
250,Customer_250,customer250@mail.com,sold,Barley,2023-06-10,2023-07-01,104,2600,21,21,1528.8,no,48,0,2023-07-01,-1528.8
1264,Customer_1264,customer1264@mail.com,sold,Sorghum,2024-06-24,2024-10-29,113,5650,127,54,25831.8,partial,35,197750,2024-10-29,171918.2
1216,Customer_1216,customer1216@mail.com,storing,Barley,2024-01-01,2024-03-06,45,1125,65,24,2340.0,yes,50,0,2024-03-06,-2340.0
1169,Customer_1169,customer1169@mail.com,storing,Millet,2023-07-12,2023-09-10,174,4350,60,33,11484.0,partial,30,130500,2023-09-10,119016.0
1783,Customer_1783,customer1783@mail.com,sold,Wheat,2023-03-22,2023-05-07,185,4625,46,52,14750.67,yes,46,0,2023-05-07,-14750.67
958,Customer_958,customer958@mail.com,sold,Wheat,2023-04-03,2023-04-20,62,1550,17,28,983.73,no,30,46500,2023-04-20,45516.27
605,Customer_605,customer605@mail.com,stored,Sorghum,2023-10-13,2024-02-15,100,5000,125,28,11666.67,partial,31,155000,2024-02-15,143333.33
465,Customer_465,customer465@mail.com,storing,Maize,2023-01-05,2023-05-29,84,2100,144,59,23788.8,yes,31,0,2023-05-29,-23788.8
133,Customer_133,customer133@mail.com,sold,Rice,2024-04-15,2024-06-08,60,3000,54,48,5184.0,yes,36,0,2024-06-08,-5184.0
430,Customer_430,customer430@mail.com,storing,Rice,2023-02-09,2023-04-24,161,8050,74,55,21842.33,no,33,265650,2023-04-24,243807.67
1286,Customer_1286,customer1286@mail.com,storing,Wheat,2024-06-11,2024-06-21,150,3750,10,20,1000.0,partial,41,0,2024-06-21,-1000.0
3,Customer_3,customer3@mail.com,storing,Rice,2023-02-27,2023-07-04,190,4750,127,20,16086.67,no,31,0,2023-07-04,-16086.67
865,Customer_865,customer865@mail.com,stored,Millet,2023-06-21,2023-11-17,36,1800,149,42,7509.6,yes,41,73800,2023-11-17,66290.4
1658,Customer_1658,customer1658@mail.com,storing,Barley,2024-02-09,2024-05-29,37,925,110,30,4070.0,partial,27,0,2024-05-29,-4070.0
943,Customer_943,customer943@mail.com,sold,Rice,2023-11-10,2024-04-24,17,425,166,28,2633.87,yes,54,22950,2024-04-24,20316.13
465,Customer_465,customer465@mail.com,stored,Maize,2023-01-16,2023-05-23,66,3300,127,44,12293.6,partial,32,0,2023-05-23,-12293.6
722,Customer_722,customer722@mail.com,sold,Maize,2023-10-21,2023-11-13,151,3775,23,55,6367.17,no,27,101925,2023-11-13,95557.83
495,Customer_495,customer495@mail.com,sold,Rice,2023-06-30,2023-11-11,57,1425,134,51,12984.6,no,39,0,2023-11-11,-12984.6
1734,Customer_1734,customer1734@mail.com,stored,Maize,2024-02-23,2024-04-08,68,3400,45,45,4590.0,yes,31,105400,2024-04-08,100810.0
1251,Customer_1251,customer1251@mail.com,stored,Sorghum,2024-08-08,2025-01-01,169,8450,146,45,37011.0,yes,26,219700,2025-01-01,182689.0
1829,Customer_1829,customer1829@mail.com,stored,Barley,2024-07-28,2024-10-05,174,8700,69,36,14407.2,no,28,0,2024-10-05,-14407.2
239,Customer_239,customer239@mail.com,stored,Maize,2024-04-22,2024-09-24,61,1525,155,22,6933.67,partial,53,80825,2024-09-24,73891.33
118,Customer_118,customer118@mail.com,sold,Wheat,2023-02-16,2023-03-27,45,2250,39,39,2281.5,no,32,0,2023-03-27,-2281.5
107,Customer_107,customer107@mail.com,storing,Millet,2023-03-26,2023-05-28,166,4150,63,53,18475.8,yes,45,0,2023-05-28,-18475.8
1000,Customer_1000,customer1000@mail.com,stored,Sorghum,2023-02-16,2023-07-15,156,7800,149,58,44938.4,partial,53,413400,2023-07-15,368461.6
1290,Customer_1290,customer1290@mail.com,stored,Millet,2024-06-02,2024-10-21,161,8050,141,57,43131.9,no,26,209300,2024-10-21,166168.1
1151,Customer_1151,customer1151@mail.com,storing,Rice,2023-12-14,2024-01-20,19,950,37,59,1382.57,no,32,0,2024-01-20,-1382.57
1566,Customer_1566,customer1566@mail.com,sold,Sorghum,2023-03-19,2023-06-16,18,900,89,60,3204.0,no,25,0,2023-06-16,-3204.0
1494,Customer_1494,customer1494@mail.com,stored,Millet,2024-04-28,2024-08-05,156,7800,99,52,26769.6,yes,38,0,2024-08-05,-26769.6
1085,Customer_1085,customer1085@mail.com,stored,Barley,2023-06-05,2023-08-18,151,7550,74,46,17133.47,yes,55,0,2023-08-18,-17133.47
1211,Customer_1211,customer1211@mail.com,sold,Rice,2023-12-12,2024-06-07,93,4650,178,51,28141.8,no,53,0,2024-06-07,-28141.8
1829,Customer_1829,customer1829@mail.com,storing,Sorghum,2023-12-07,2024-02-01,174,4350,56,38,12342.4,yes,37,160950,2024-02-01,148607.6
1795,Customer_1795,customer1795@mail.com,storing,Millet,2023-03-13,2023-07-30,36,1800,139,51,8506.8,yes,53,95400,2023-07-30,86893.2
976,Customer_976,customer976@mail.com,sold,Millet,2023-11-29,2024-05-13,14,700,166,46,3563.47,no,29,20300,2024-05-13,16736.53
876,Customer_876,customer876@mail.com,stored,Maize,2023-02-19,2023-06-22,142,7100,123,32,18630.4,yes,44,312400,2023-06-22,293769.6
226,Customer_226,customer226@mail.com,storing,Sorghum,2023-04-30,2023-10-01,96,4800,154,38,18726.4,yes,29,139200,2023-10-01,120473.6
970,Customer_970,customer970@mail.com,stored,Millet,2024-08-09,2024-11-17,85,2125,100,45,12750.0,yes,44,0,2024-11-17,-12750.0
315,Customer_315,customer315@mail.com,sold,Millet,2024-02-09,2024-02-28,153,7650,19,30,2907.0,partial,55,420750,2024-02-28,417843.0
139,Customer_139,customer139@mail.com,sold,Wheat,2023-06-05,2023-09-27,182,4550,114,51,35271.6,yes,38,172900,2023-09-27,137628.4
268,Customer_268,customer268@mail.com,stored,Millet,2024-05-21,2024-08-12,32,1600,83,32,2833.07,no,43,68800,2024-08-12,65966.93
769,Customer_769,customer769@mail.com,storing,Maize,2023-02-24,2023-04-29,123,3075,64,39,10233.6,yes,53,0,2023-04-29,-10233.6
895,Customer_895,customer895@mail.com,stored,Barley,2024-05-16,2024-08-11,119,5950,87,56,19325.6,no,26,154700,2024-08-11,135374.4
481,Customer_481,customer481@mail.com,sold,Maize,2023-12-30,2024-04-26,63,3150,118,37,9168.6,no,42,132300,2024-04-26,123131.4
1043,Customer_1043,customer1043@mail.com,stored,Barley,2024-01-17,2024-04-12,30,1500,86,32,2752.0,partial,31,0,2024-04-12,-2752.0
1459,Customer_1459,customer1459@mail.com,stored,Wheat,2024-01-25,2024-05-27,179,8950,123,55,40364.5,no,53,474350,2024-05-27,433985.5
1792,Customer_1792,customer1792@mail.com,stored,Sorghum,2024-07-27,2024-12-25,149,3725,151,58,43498.07,no,54,0,2024-12-25,-43498.07
832,Customer_832,customer832@mail.com,stored,Maize,2024-03-04,2024-08-16,139,6950,165,52,39754.0,yes,32,222400,2024-08-16,182646.0
837,Customer_837,customer837@mail.com,stored,Barley,2023-05-16,2023-10-28,121,6050,165,52,34606.0,yes,43,0,2023-10-28,-34606.0
1039,Customer_1039,customer1039@mail.com,sold,Barley,2023-04-30,2023-10-16,150,3750,169,49,41405.0,no,34,0,2023-10-16,-41405.0
1841,Customer_1841,customer1841@mail.com,sold,Sorghum,2023-02-17,2023-06-10,65,1625,113,47,11507.17,partial,32,52000,2023-06-10,40492.83
1101,Customer_1101,customer1101@mail.com,stored,Maize,2024-05-13,2024-10-05,155,7750,145,22,16481.67,yes,46,0,2024-10-05,-16481.67
1480,Customer_1480,customer1480@mail.com,storing,Millet,2023-08-23,2023-12-11,144,3600,110,45,23760.0,yes,49,0,2023-12-11,-23760.0
1200,Customer_1200,customer1200@mail.com,sold,Millet,2023-06-28,2023-09-02,127,6350,66,45,12573.0,yes,47,298450,2023-09-02,285877.0
1067,Customer_1067,customer1067@mail.com,storing,Millet,2023-12-18,2024-05-29,28,1400,163,36,5476.8,yes,52,72800,2024-05-29,67323.2
531,Customer_531,customer531@mail.com,storing,Rice,2024-03-06,2024-06-20,93,2325,106,25,8215.0,yes,47,0,2024-06-20,-8215.0
556,Customer_556,customer556@mail.com,stored,Wheat,2024-07-07,2024-11-28,181,4525,144,39,33883.2,no,36,0,2024-11-28,-33883.2
1053,Customer_1053,customer1053@mail.com,sold,Barley,2023-04-21,2023-07-11,29,725,81,41,3210.3,no,55,39875,2023-07-11,36664.7
1478,Customer_1478,customer1478@mail.com,sold,Rice,2023-04-19,2023-08-13,146,3650,116,23,12984.27,yes,48,0,2023-08-13,-12984.27
491,Customer_491,customer491@mail.com,storing,Maize,2023-04-02,2023-08-29,180,9000,149,46,41124.0,no,47,0,2023-08-29,-41124.0
412,Customer_412,customer412@mail.com,storing,Maize,2023-04-20,2023-08-02,99,2475,104,58,19905.6,yes,46,0,2023-08-02,-19905.6
1974,Customer_1974,customer1974@mail.com,storing,Barley,2023-03-30,2023-06-24,175,8750,86,58,29096.67,yes,31,0,2023-06-24,-29096.67
31,Customer_31,customer31@mail.com,stored,Wheat,2024-05-17,2024-06-01,88,2200,15,55,2420.0,yes,44,0,2024-06-01,-2420.0
1099,Customer_1099,customer1099@mail.com,sold,Maize,2024-05-25,2024-06-19,141,3525,25,27,3172.5,yes,42,148050,2024-06-19,144877.5
737,Customer_737,customer737@mail.com,storing,Sorghum,2024-06-29,2024-09-21,57,1425,84,24,3830.4,no,36,51300,2024-09-21,47469.6
887,Customer_887,customer887@mail.com,storing,Wheat,2024-07-11,2024-07-27,109,5450,16,50,2906.67,no,35,190750,2024-07-27,187843.33
1602,Customer_1602,customer1602@mail.com,stored,Rice,2024-07-20,2024-12-22,65,3250,155,43,14440.83,partial,28,91000,2024-12-22,76559.17
336,Customer_336,customer336@mail.com,sold,Rice,2023-05-21,2023-10-21,113,2825,153,38,21899.4,partial,39,0,2023-10-21,-21899.4
1973,Customer_1973,customer1973@mail.com,stored,Barley,2023-07-01,2023-07-14,56,1400,13,25,606.67,yes,51,71400,2023-07-14,70793.33
892,Customer_892,customer892@mail.com,stored,Wheat,2024-03-20,2024-05-18,103,2575,59,53,10736.03,yes,42,108150,2024-05-18,97413.97
528,Customer_528,customer528@mail.com,stored,Millet,2023-12-06,2024-04-18,139,3475,134,59,36631.13,partial,52,0,2024-04-18,-36631.13
755,Customer_755,customer755@mail.com,storing,Rice,2024-06-15,2024-07-16,175,8750,31,24,4340.0,no,45,393750,2024-07-16,389410.0
1953,Customer_1953,customer1953@mail.com,storing,Rice,2023-04-14,2023-08-20,162,8100,128,35,24192.0,no,43,0,2023-08-20,-24192.0
1690,Customer_1690,customer1690@mail.com,sold,Barley,2024-02-16,2024-04-03,53,2650,47,30,2491.0,yes,31,0,2024-04-03,-2491.0
1961,Customer_1961,customer1961@mail.com,stored,Wheat,2023-02-17,2023-06-12,24,600,115,37,3404.0,no,53,0,2023-06-12,-3404.0
1565,Customer_1565,customer1565@mail.com,sold,Sorghum,2024-08-14,2024-12-16,47,1175,124,29,5633.73,no,37,0,2024-12-16,-5633.73
1186,Customer_1186,customer1186@mail.com,sold,Maize,2024-04-23,2024-10-16,20,500,176,35,4106.67,no,36,0,2024-10-16,-4106.67
1196,Customer_1196,customer1196@mail.com,stored,Maize,2023-05-06,2023-08-19,46,1150,105,20,3220.0,partial,31,0,2023-08-19,-3220.0
1527,Customer_1527,customer1527@mail.com,sold,Maize,2023-05-15,2023-07-26,133,3325,72,46,14683.2,partial,25,83125,2023-07-26,68441.8
1756,Customer_1756,customer1756@mail.com,stored,Sorghum,2023-03-24,2023-05-24,154,3850,61,40,12525.33,yes,48,0,2023-05-24,-12525.33
450,Customer_450,customer450@mail.com,stored,Rice,2023-11-25,2024-05-03,31,775,160,45,7440.0,no,27,20925,2024-05-03,13485.0
136,Customer_136,customer136@mail.com,sold,Maize,2024-08-11,2024-11-22,156,3900,103,24,12854.4,yes,26,0,2024-11-22,-12854.4
763,Customer_763,customer763@mail.com,storing,Barley,2023-05-24,2023-11-05,11,550,165,30,1815.0,yes,55,30250,2023-11-05,28435.0
921,Customer_921,customer921@mail.com,storing,Wheat,2023-08-30,2023-09-14,117,5850,15,52,3042.0,yes,28,0,2023-09-14,-3042.0
1917,Customer_1917,customer1917@mail.com,storing,Barley,2024-07-27,2024-09-19,39,975,54,21,1474.2,no,49,0,2024-09-19,-1474.2
945,Customer_945,customer945@mail.com,storing,Barley,2024-04-05,2024-08-06,81,2025,123,56,18597.6,no,39,78975,2024-08-06,60377.4
1351,Customer_1351,customer1351@mail.com,stored,Sorghum,2023-01-14,2023-02-12,103,5150,29,58,5774.87,yes,32,164800,2023-02-12,159025.13
5,Customer_5,customer5@mail.com,storing,Sorghum,2023-04-30,2023-08-16,137,3425,108,59,29098.8,yes,45,0,2023-08-16,-29098.8
1331,Customer_1331,customer1331@mail.com,stored,Rice,2023-11-30,2024-01-27,168,8400,58,30,9744.0,partial,48,403200,2024-01-27,393456.0
1455,Customer_1455,customer1455@mail.com,sold,Sorghum,2024-08-12,2024-12-04,117,2925,114,46,20451.6,partial,45,131625,2024-12-04,111173.4
987,Customer_987,customer987@mail.com,stored,Maize,2023-07-05,2023-08-25,81,4050,51,42,5783.4,no,49,198450,2023-08-25,192666.6
41,Customer_41,customer41@mail.com,stored,Maize,2023-10-24,2024-04-10,33,825,169,37,6878.3,yes,47,38775,2024-04-10,31896.7
618,Customer_618,customer618@mail.com,sold,Rice,2024-01-07,2024-05-16,154,7700,130,58,38705.33,yes,37,0,2024-05-16,-38705.33
366,Customer_366,customer366@mail.com,storing,Wheat,2023-12-30,2024-04-10,184,9200,102,22,13763.2,yes,42,386400,2024-04-10,372636.8
1323,Customer_1323,customer1323@mail.com,stored,Wheat,2023-08-12,2023-11-18,40,1000,98,59,7709.33,partial,48,0,2023-11-18,-7709.33
138,Customer_138,customer138@mail.com,sold,Sorghum,2024-01-27,2024-02-14,20,1000,18,31,372.0,yes,26,26000,2024-02-14,25628.0
1086,Customer_1086,customer1086@mail.com,storing,Maize,2023-05-23,2023-11-05,158,7900,166,39,34096.4,yes,41,323900,2023-11-05,289803.6
589,Customer_589,customer589@mail.com,stored,Maize,2024-06-14,2024-12-08,91,4550,177,34,18254.6,no,30,0,2024-12-08,-18254.6
799,Customer_799,customer799@mail.com,stored,Sorghum,2024-04-24,2024-06-15,50,1250,52,41,3553.33,partial,26,32500,2024-06-15,28946.67
940,Customer_940,customer940@mail.com,storing,Maize,2023-05-17,2023-10-31,91,2275,167,52,26341.47,yes,29,0,2023-10-31,-26341.47
1496,Customer_1496,customer1496@mail.com,stored,Barley,2023-06-28,2023-07-30,53,2650,32,28,1582.93,partial,54,143100,2023-07-30,141517.07
714,Customer_714,customer714@mail.com,sold,Sorghum,2023-08-23,2023-09-18,176,4400,26,31,4728.53,partial,48,211200,2023-09-18,206471.47
1451,Customer_1451,customer1451@mail.com,sold,Sorghum,2023-09-04,2024-02-21,178,4450,170,55,55476.67,partial,50,0,2024-02-21,-55476.67
1913,Customer_1913,customer1913@mail.com,storing,Sorghum,2024-05-08,2024-10-23,109,2725,168,32,19532.8,no,31,0,2024-10-23,-19532.8
792,Customer_792,customer792@mail.com,sold,Rice,2024-07-31,2024-09-05,57,1425,36,43,2941.2,yes,25,0,2024-09-05,-2941.2
1077,Customer_1077,customer1077@mail.com,storing,Maize,2023-05-09,2023-09-14,101,2525,128,38,16375.47,yes,42,0,2023-09-14,-16375.47
1064,Customer_1064,customer1064@mail.com,storing,Rice,2023-02-21,2023-03-29,186,9300,36,44,9820.8,partial,42,0,2023-03-29,-9820.8
1044,Customer_1044,customer1044@mail.com,storing,Wheat,2023-05-31,2023-10-31,160,8000,153,35,28560.0,no,39,0,2023-10-31,-28560.0
1425,Customer_1425,customer1425@mail.com,storing,Maize,2024-04-15,2024-05-30,102,2550,45,52,7956.0,no,36,91800,2024-05-30,83844.0
1288,Customer_1288,customer1288@mail.com,stored,Barley,2023-11-02,2024-04-24,73,1825,174,28,11855.2,yes,55,100375,2024-04-24,88519.8
1648,Customer_1648,customer1648@mail.com,storing,Maize,2024-07-15,2024-12-21,196,4900,159,24,24931.2,no,44,0,2024-12-21,-24931.2
1925,Customer_1925,customer1925@mail.com,sold,Maize,2024-01-22,2024-03-08,177,4425,46,29,7870.6,no,41,0,2024-03-08,-7870.6
1408,Customer_1408,customer1408@mail.com,storing,Wheat,2023-11-10,2024-03-26,107,2675,137,37,18079.43,yes,53,0,2024-03-26,-18079.43
1939,Customer_1939,customer1939@mail.com,storing,Millet,2024-04-17,2024-09-06,88,4400,142,30,12496.0,yes,42,0,2024-09-06,-12496.0
1255,Customer_1255,customer1255@mail.com,sold,Millet,2023-03-04,2023-04-04,142,7100,31,33,4842.2,yes,41,0,2023-04-04,-4842.2
1442,Customer_1442,customer1442@mail.com,stored,Wheat,2023-11-20,2024-05-13,51,2550,175,25,7437.5,yes,34,0,2024-05-13,-7437.5
572,Customer_572,customer572@mail.com,storing,Maize,2023-06-28,2023-09-18,158,7900,82,36,15547.2,partial,26,205400,2023-09-18,189852.8
664,Customer_664,customer664@mail.com,stored,Wheat,2024-01-27,2024-07-05,66,3300,160,45,15840.0,yes,55,0,2024-07-05,-15840.0
592,Customer_592,customer592@mail.com,stored,Wheat,2024-05-19,2024-09-19,139,6950,123,45,25645.5,yes,55,382250,2024-09-19,356604.5
1805,Customer_1805,customer1805@mail.com,stored,Maize,2023-07-01,2023-10-11,136,3400,102,36,16646.4,no,37,125800,2023-10-11,109153.6
299,Customer_299,customer299@mail.com,stored,Barley,2023-03-17,2023-04-28,199,4975,42,26,7243.6,no,36,0,2023-04-28,-7243.6
339,Customer_339,customer339@mail.com,storing,Sorghum,2024-07-31,2025-01-20,78,3900,173,48,21590.4,yes,52,0,2025-01-20,-21590.4
597,Customer_597,customer597@mail.com,storing,Millet,2024-01-22,2024-06-15,17,425,145,60,4930.0,yes,30,12750,2024-06-15,7820.0
1745,Customer_1745,customer1745@mail.com,sold,Rice,2024-03-26,2024-04-24,188,4700,29,43,7814.53,no,33,155100,2024-04-24,147285.47
58,Customer_58,customer58@mail.com,stored,Wheat,2023-02-24,2023-08-21,96,2400,178,60,34176.0,no,51,122400,2023-08-21,88224.0
562,Customer_562,customer562@mail.com,storing,Maize,2023-09-26,2024-03-06,99,4950,162,46,24591.6,yes,51,0,2024-03-06,-24591.6
1088,Customer_1088,customer1088@mail.com,sold,Wheat,2023-08-24,2023-12-31,157,3925,129,21,14177.1,partial,29,113825,2023-12-31,99647.9
1959,Customer_1959,customer1959@mail.com,sold,Rice,2023-09-26,2023-11-01,121,6050,36,34,4936.8,partial,31,0,2023-11-01,-4936.8
510,Customer_510,customer510@mail.com,storing,Maize,2024-04-26,2024-08-21,150,3750,117,56,32760.0,yes,34,0,2024-08-21,-32760.0
344,Customer_344,customer344@mail.com,storing,Wheat,2023-07-26,2024-01-06,73,3650,164,29,11572.93,no,41,0,2024-01-06,-11572.93
1904,Customer_1904,customer1904@mail.com,storing,Sorghum,2024-01-02,2024-02-16,76,1900,45,48,5472.0,partial,40,76000,2024-02-16,70528.0
180,Customer_180,customer180@mail.com,sold,Wheat,2023-08-02,2023-12-04,15,375,124,42,2604.0,partial,49,0,2023-12-04,-2604.0
185,Customer_185,customer185@mail.com,stored,Sorghum,2024-05-05,2024-06-30,106,2650,56,57,11278.4,yes,39,103350,2024-06-30,92071.6
1618,Customer_1618,customer1618@mail.com,stored,Barley,2023-02-06,2023-05-20,122,3050,103,51,21362.2,partial,50,0,2023-05-20,-21362.2
608,Customer_608,customer608@mail.com,stored,Barley,2023-11-26,2024-02-06,193,9650,72,46,21307.2,partial,37,0,2024-02-06,-21307.2
179,Customer_179,customer179@mail.com,stored,Wheat,2023-07-30,2023-10-02,116,2900,64,45,11136.0,yes,29,0,2023-10-02,-11136.0
285,Customer_285,customer285@mail.com,stored,Barley,2023-08-02,2023-09-07,101,2525,36,50,6060.0,no,46,0,2023-09-07,-6060.0
132,Customer_132,customer132@mail.com,stored,Maize,2024-07-16,2024-11-02,128,6400,109,37,17207.47,partial,29,0,2024-11-02,-17207.47
1078,Customer_1078,customer1078@mail.com,stored,Maize,2023-12-29,2024-04-12,151,7550,105,31,16383.5,partial,52,392600,2024-04-12,376216.5
1533,Customer_1533,customer1533@mail.com,stored,Barley,2023-11-30,2023-12-19,49,2450,19,59,1830.97,partial,31,0,2023-12-19,-1830.97
1004,Customer_1004,customer1004@mail.com,storing,Barley,2024-06-29,2024-09-02,91,4550,65,29,5717.83,partial,33,0,2024-09-02,-5717.83
1963,Customer_1963,customer1963@mail.com,sold,Barley,2024-03-03,2024-07-01,85,4250,120,59,20060.0,no,30,0,2024-07-01,-20060.0
1814,Customer_1814,customer1814@mail.com,stored,Sorghum,2023-02-22,2023-06-12,140,3500,110,25,12833.33,partial,47,0,2023-06-12,-12833.33
1487,Customer_1487,customer1487@mail.com,storing,Millet,2023-07-13,2023-11-09,10,500,119,38,1507.33,yes,42,21000,2023-11-09,19492.67
123,Customer_123,customer123@mail.com,sold,Maize,2023-08-19,2023-12-04,110,5500,107,28,10985.33,yes,44,0,2023-12-04,-10985.33
1319,Customer_1319,customer1319@mail.com,sold,Maize,2023-06-13,2023-06-23,172,8600,10,43,2465.33,yes,52,447200,2023-06-23,444734.67
1740,Customer_1740,customer1740@mail.com,sold,Wheat,2023-09-24,2023-11-02,150,3750,39,48,9360.0,yes,45,0,2023-11-02,-9360.0
1949,Customer_1949,customer1949@mail.com,storing,Sorghum,2023-06-01,2023-06-16,51,2550,15,43,1096.5,yes,48,0,2023-06-16,-1096.5
644,Customer_644,customer644@mail.com,sold,Maize,2023-01-26,2023-03-25,14,700,58,32,866.13,partial,28,19600,2023-03-25,18733.87
1105,Customer_1105,customer1105@mail.com,stored,Barley,2023-04-09,2023-07-21,57,2850,103,30,5871.0,no,47,133950,2023-07-21,128079.0
873,Customer_873,customer873@mail.com,stored,Barley,2024-01-17,2024-06-30,68,3400,165,25,9350.0,partial,51,0,2024-06-30,-9350.0
711,Customer_711,customer711@mail.com,storing,Barley,2024-01-16,2024-01-27,47,2350,11,33,568.7,yes,27,63450,2024-01-27,62881.3
128,Customer_128,customer128@mail.com,sold,Maize,2023-12-26,2024-05-01,94,4700,127,21,8356.6,no,38,0,2024-05-01,-8356.6
861,Customer_861,customer861@mail.com,sold,Maize,2024-03-17,2024-06-04,38,1900,79,41,4102.73,yes,27,51300,2024-06-04,47197.27
1801,Customer_1801,customer1801@mail.com,sold,Barley,2024-02-28,2024-05-02,42,1050,64,59,5286.4,no,53,0,2024-05-02,-5286.4
569,Customer_569,customer569@mail.com,stored,Sorghum,2023-09-29,2024-01-02,80,4000,95,58,14693.33,partial,26,104000,2024-01-02,89306.67
977,Customer_977,customer977@mail.com,sold,Millet,2023-05-17,2023-10-01,115,2875,137,49,25733.17,partial,43,123625,2023-10-01,97891.83
509,Customer_509,customer509@mail.com,storing,Wheat,2023-10-22,2023-12-04,13,325,43,20,372.67,no,40,13000,2023-12-04,12627.33
752,Customer_752,customer752@mail.com,stored,Maize,2023-01-21,2023-05-28,190,4750,127,36,28956.0,yes,55,0,2023-05-28,-28956.0
1784,Customer_1784,customer1784@mail.com,storing,Sorghum,2023-05-08,2023-10-04,188,9400,149,58,54156.53,no,32,0,2023-10-04,-54156.53
1328,Customer_1328,customer1328@mail.com,storing,Barley,2023-09-29,2024-03-09,162,8100,162,52,45489.6,partial,53,429300,2024-03-09,383810.4
866,Customer_866,customer866@mail.com,sold,Sorghum,2023-10-24,2024-04-19,187,9350,178,45,49929.0,partial,50,0,2024-04-19,-49929.0
313,Customer_313,customer313@mail.com,storing,Wheat,2023-07-20,2023-08-26,126,6300,37,25,3885.0,partial,31,0,2023-08-26,-3885.0
1043,Customer_1043,customer1043@mail.com,stored,Wheat,2023-08-15,2024-01-17,98,2450,155,32,16202.67,yes,27,66150,2024-01-17,49947.33
1370,Customer_1370,customer1370@mail.com,stored,Wheat,2023-01-08,2023-01-21,78,3900,13,36,1216.8,partial,37,144300,2023-01-21,143083.2
639,Customer_639,customer639@mail.com,sold,Barley,2023-06-30,2023-12-04,28,1400,157,60,8792.0,yes,30,0,2023-12-04,-8792.0
527,Customer_527,customer527@mail.com,stored,Rice,2024-04-17,2024-08-05,79,1975,110,52,15062.67,no,33,65175,2024-08-05,50112.33
1975,Customer_1975,customer1975@mail.com,stored,Rice,2024-06-25,2024-10-06,31,1550,103,47,5002.37,yes,51,79050,2024-10-06,74047.63
827,Customer_827,customer827@mail.com,stored,Barley,2023-03-20,2023-04-16,157,7850,27,56,7912.8,yes,27,0,2023-04-16,-7912.8
1443,Customer_1443,customer1443@mail.com,storing,Millet,2023-09-22,2024-02-05,91,2275,136,58,23926.93,yes,31,0,2024-02-05,-23926.93
108,Customer_108,customer108@mail.com,storing,Wheat,2023-02-04,2023-06-30,50,1250,146,58,14113.33,partial,43,53750,2023-06-30,39636.67
71,Customer_71,customer71@mail.com,stored,Millet,2023-06-01,2023-10-29,140,3500,150,37,25900.0,no,27,0,2023-10-29,-25900.0
884,Customer_884,customer884@mail.com,stored,Sorghum,2023-01-25,2023-04-04,97,2425,69,30,6693.0,partial,44,106700,2023-04-04,100007.0
1223,Customer_1223,customer1223@mail.com,sold,Maize,2023-01-11,2023-01-29,192,9600,18,60,6912.0,no,30,288000,2023-01-29,281088.0
29,Customer_29,customer29@mail.com,storing,Wheat,2024-03-11,2024-07-01,52,2600,112,42,8153.6,no,44,114400,2024-07-01,106246.4
1364,Customer_1364,customer1364@mail.com,storing,Sorghum,2023-02-09,2023-06-16,186,4650,127,48,37795.2,no,48,0,2023-06-16,-37795.2
1865,Customer_1865,customer1865@mail.com,sold,Maize,2024-08-17,2025-01-03,84,4200,139,51,19849.2,no,45,189000,2025-01-03,169150.8
1290,Customer_1290,customer1290@mail.com,stored,Millet,2023-11-19,2024-05-11,29,725,174,50,8410.0,yes,30,0,2024-05-11,-8410.0
1658,Customer_1658,customer1658@mail.com,sold,Sorghum,2024-06-13,2024-11-07,104,5200,147,50,25480.0,yes,35,0,2024-11-07,-25480.0
1694,Customer_1694,customer1694@mail.com,sold,Millet,2024-04-15,2024-10-08,37,925,176,48,10419.2,yes,39,36075,2024-10-08,25655.8
643,Customer_643,customer643@mail.com,stored,Wheat,2023-09-25,2023-12-12,168,8400,78,41,17908.8,yes,45,378000,2023-12-12,360091.2
484,Customer_484,customer484@mail.com,sold,Barley,2024-01-07,2024-03-05,172,4300,58,42,13966.4,yes,51,219300,2024-03-05,205333.6
996,Customer_996,customer996@mail.com,stored,Rice,2023-06-28,2023-09-29,87,4350,93,44,11866.8,partial,35,152250,2023-09-29,140383.2
167,Customer_167,customer167@mail.com,sold,Wheat,2023-10-11,2023-11-02,74,1850,22,33,1790.8,partial,45,0,2023-11-02,-1790.8
819,Customer_819,customer819@mail.com,storing,Wheat,2023-07-29,2023-08-18,107,2675,20,25,1783.33,partial,50,0,2023-08-18,-1783.33
696,Customer_696,customer696@mail.com,sold,Barley,2023-05-21,2023-11-05,10,500,168,20,1120.0,yes,53,0,2023-11-05,-1120.0
209,Customer_209,customer209@mail.com,sold,Wheat,2023-10-19,2024-03-20,150,3750,153,48,36720.0,partial,53,0,2024-03-20,-36720.0
271,Customer_271,customer271@mail.com,storing,Sorghum,2023-11-24,2024-03-23,59,1475,120,49,11564.0,yes,47,0,2024-03-23,-11564.0
438,Customer_438,customer438@mail.com,stored,Barley,2023-11-14,2024-01-09,107,5350,56,46,9187.73,partial,43,0,2024-01-09,-9187.73
1159,Customer_1159,customer1159@mail.com,sold,Maize,2024-03-27,2024-04-19,62,3100,23,55,2614.33,no,39,120900,2024-04-19,118285.67
354,Customer_354,customer354@mail.com,sold,Sorghum,2024-07-04,2024-12-16,145,7250,165,25,19937.5,no,51,369750,2024-12-16,349812.5
606,Customer_606,customer606@mail.com,storing,Sorghum,2024-03-22,2024-04-17,29,1450,26,53,1332.07,partial,26,0,2024-04-17,-1332.07
736,Customer_736,customer736@mail.com,storing,Wheat,2023-08-05,2023-12-28,165,4125,145,44,35090.0,yes,41,0,2023-12-28,-35090.0
177,Customer_177,customer177@mail.com,sold,Millet,2024-04-13,2024-06-21,170,4250,69,20,7820.0,no,29,123250,2024-06-21,115430.0
36,Customer_36,customer36@mail.com,storing,Maize,2024-07-26,2025-01-07,57,2850,165,55,17242.5,yes,29,82650,2025-01-07,65407.5
1133,Customer_1133,customer1133@mail.com,sold,Rice,2024-07-19,2024-12-23,168,4200,157,33,29013.6,yes,41,0,2024-12-23,-29013.6
1924,Customer_1924,customer1924@mail.com,stored,Barley,2024-08-14,2024-12-15,186,4650,123,31,23640.6,partial,41,0,2024-12-15,-23640.6
1215,Customer_1215,customer1215@mail.com,sold,Millet,2023-02-17,2023-06-26,60,3000,129,56,14448.0,yes,37,0,2023-06-26,-14448.0
1733,Customer_1733,customer1733@mail.com,stored,Wheat,2023-04-03,2023-05-04,165,8250,31,54,9207.0,partial,35,0,2023-05-04,-9207.0
508,Customer_508,customer508@mail.com,sold,Wheat,2023-03-30,2023-09-23,91,2275,177,39,20939.1,partial,50,0,2023-09-23,-20939.1
1507,Customer_1507,customer1507@mail.com,storing,Barley,2024-07-27,2024-09-12,167,8350,47,27,7064.1,partial,30,250500,2024-09-12,243435.9
1823,Customer_1823,customer1823@mail.com,stored,Barley,2023-11-14,2024-02-10,47,2350,88,39,5376.8,yes,55,0,2024-02-10,-5376.8
1237,Customer_1237,customer1237@mail.com,stored,Maize,2023-01-31,2023-04-17,197,4925,76,53,26450.53,partial,44,0,2023-04-17,-26450.53
1855,Customer_1855,customer1855@mail.com,stored,Sorghum,2023-01-26,2023-05-27,188,9400,121,25,18956.67,yes,45,423000,2023-05-27,404043.33
263,Customer_263,customer263@mail.com,stored,Millet,2024-02-02,2024-03-25,135,6750,52,39,9126.0,no,48,0,2024-03-25,-9126.0
1648,Customer_1648,customer1648@mail.com,stored,Millet,2023-03-06,2023-04-08,63,1575,33,24,1663.2,yes,49,77175,2023-04-08,75511.8
1726,Customer_1726,customer1726@mail.com,storing,Wheat,2024-03-28,2024-04-13,184,4600,16,20,1962.67,yes,54,248400,2024-04-13,246437.33
399,Customer_399,customer399@mail.com,stored,Wheat,2023-10-02,2024-02-24,196,9800,145,33,31262.0,partial,44,431200,2024-02-24,399938.0
1789,Customer_1789,customer1789@mail.com,sold,Maize,2024-07-09,2024-09-27,143,7150,80,38,14490.67,yes,38,271700,2024-09-27,257209.33
341,Customer_341,customer341@mail.com,sold,Rice,2024-06-17,2024-07-08,98,4900,21,39,2675.4,partial,49,240100,2024-07-08,237424.6
1267,Customer_1267,customer1267@mail.com,sold,Wheat,2023-02-20,2023-04-19,69,1725,58,21,2801.4,no,25,0,2023-04-19,-2801.4
1903,Customer_1903,customer1903@mail.com,storing,Millet,2024-02-21,2024-03-16,161,4025,24,56,7212.8,yes,41,165025,2024-03-16,157812.2
55,Customer_55,customer55@mail.com,storing,Rice,2024-03-22,2024-06-03,145,3625,73,60,21170.0,partial,27,0,2024-06-03,-21170.0
1168,Customer_1168,customer1168@mail.com,sold,Maize,2023-03-06,2023-04-21,145,3625,46,51,11339.0,no,44,0,2023-04-21,-11339.0
660,Customer_660,customer660@mail.com,sold,Wheat,2023-08-16,2023-10-02,69,1725,47,33,3567.3,partial,43,0,2023-10-02,-3567.3
1654,Customer_1654,customer1654@mail.com,stored,Wheat,2023-01-10,2023-03-26,41,2050,75,30,3075.0,partial,36,0,2023-03-26,-3075.0
840,Customer_840,customer840@mail.com,stored,Millet,2023-03-24,2023-07-04,10,250,102,48,1632.0,partial,53,13250,2023-07-04,11618.0
1435,Customer_1435,customer1435@mail.com,storing,Maize,2023-03-22,2023-07-21,127,3175,121,46,23562.73,no,50,158750,2023-07-21,135187.27
957,Customer_957,customer957@mail.com,sold,Sorghum,2023-11-08,2024-02-24,110,2750,108,59,23364.0,partial,40,0,2024-02-24,-23364.0
1424,Customer_1424,customer1424@mail.com,stored,Sorghum,2024-07-28,2024-09-30,139,3475,64,54,16012.8,no,27,0,2024-09-30,-16012.8
1816,Customer_1816,customer1816@mail.com,stored,Wheat,2023-04-10,2023-05-13,133,6650,33,23,3364.9,partial,54,0,2023-05-13,-3364.9
1632,Customer_1632,customer1632@mail.com,stored,Maize,2023-04-28,2023-08-29,140,3500,123,32,18368.0,yes,26,0,2023-08-29,-18368.0
1502,Customer_1502,customer1502@mail.com,sold,Rice,2023-10-23,2024-04-01,64,3200,161,29,9960.53,no,31,99200,2024-04-01,89239.47
1205,Customer_1205,customer1205@mail.com,stored,Rice,2024-05-29,2024-08-25,182,9100,88,27,14414.4,partial,53,482300,2024-08-25,467885.6
1845,Customer_1845,customer1845@mail.com,storing,Millet,2023-10-31,2024-03-22,99,4950,143,22,10381.8,no,28,0,2024-03-22,-10381.8
383,Customer_383,customer383@mail.com,storing,Wheat,2023-02-23,2023-04-29,153,3825,65,46,15249.0,no,38,145350,2023-04-29,130101.0
649,Customer_649,customer649@mail.com,stored,Wheat,2024-01-15,2024-04-10,83,2075,86,39,9279.4,partial,35,0,2024-04-10,-9279.4
472,Customer_472,customer472@mail.com,stored,Barley,2024-03-23,2024-04-29,40,2000,37,29,1430.67,no,29,58000,2024-04-29,56569.33
552,Customer_552,customer552@mail.com,stored,Sorghum,2023-01-13,2023-04-03,186,9300,80,55,27280.0,partial,48,446400,2023-04-03,419120.0
326,Customer_326,customer326@mail.com,storing,Millet,2023-07-04,2023-07-20,40,1000,16,53,1130.67,no,54,0,2023-07-20,-1130.67
240,Customer_240,customer240@mail.com,sold,Millet,2023-07-25,2023-11-08,105,2625,106,36,13356.0,yes,40,105000,2023-11-08,91644.0
1720,Customer_1720,customer1720@mail.com,stored,Rice,2023-10-10,2024-02-02,20,500,115,50,3833.33,no,35,0,2024-02-02,-3833.33
1592,Customer_1592,customer1592@mail.com,sold,Wheat,2023-04-11,2023-10-05,28,1400,177,29,4790.8,no,53,0,2023-10-05,-4790.8
306,Customer_306,customer306@mail.com,storing,Wheat,2023-07-07,2023-07-22,81,4050,15,47,1903.5,partial,48,0,2023-07-22,-1903.5
1170,Customer_1170,customer1170@mail.com,sold,Wheat,2024-02-08,2024-05-02,142,3550,84,50,19880.0,no,52,0,2024-05-02,-19880.0
679,Customer_679,customer679@mail.com,storing,Millet,2023-01-06,2023-02-03,196,9800,28,55,10061.33,yes,44,0,2023-02-03,-10061.33
1445,Customer_1445,customer1445@mail.com,sold,Millet,2023-07-10,2023-12-21,18,450,164,49,4821.6,no,43,19350,2023-12-21,14528.4
974,Customer_974,customer974@mail.com,storing,Rice,2023-06-03,2023-10-30,185,9250,149,41,37672.17,partial,52,0,2023-10-30,-37672.17
1955,Customer_1955,customer1955@mail.com,storing,Rice,2023-06-12,2023-10-01,121,3025,111,26,11640.2,partial,30,90750,2023-10-01,79109.8
394,Customer_394,customer394@mail.com,storing,Wheat,2023-05-04,2023-08-25,10,500,113,58,2184.67,yes,26,13000,2023-08-25,10815.33
1404,Customer_1404,customer1404@mail.com,sold,Barley,2023-11-07,2024-02-08,80,2000,93,55,13640.0,no,44,88000,2024-02-08,74360.0
841,Customer_841,customer841@mail.com,stored,Sorghum,2024-07-11,2024-09-08,200,10000,59,48,18880.0,partial,40,0,2024-09-08,-18880.0
1423,Customer_1423,customer1423@mail.com,stored,Maize,2023-08-15,2023-12-31,20,1000,138,50,4600.0,no,50,0,2023-12-31,-4600.0
1146,Customer_1146,customer1146@mail.com,stored,Millet,2023-05-05,2023-06-03,120,6000,29,38,4408.0,yes,55,0,2023-06-03,-4408.0
849,Customer_849,customer849@mail.com,storing,Maize,2023-04-03,2023-04-27,24,1200,24,42,806.4,partial,28,0,2023-04-27,-806.4
538,Customer_538,customer538@mail.com,sold,Barley,2024-04-20,2024-07-02,192,4800,73,55,25696.0,partial,28,134400,2024-07-02,108704.0
1510,Customer_1510,customer1510@mail.com,sold,Millet,2023-05-22,2023-06-26,23,1150,35,33,885.5,no,43,49450,2023-06-26,48564.5
996,Customer_996,customer996@mail.com,stored,Sorghum,2024-04-18,2024-07-26,191,4775,99,27,17018.1,partial,41,0,2024-07-26,-17018.1
1827,Customer_1827,customer1827@mail.com,sold,Rice,2023-05-09,2023-10-19,176,4400,163,49,46857.07,partial,49,0,2023-10-19,-46857.07
597,Customer_597,customer597@mail.com,sold,Wheat,2023-02-09,2023-04-12,27,675,62,55,3069.0,yes,50,33750,2023-04-12,30681.0
1482,Customer_1482,customer1482@mail.com,sold,Millet,2023-03-26,2023-09-21,121,3025,179,44,31766.53,partial,37,0,2023-09-21,-31766.53
1127,Customer_1127,customer1127@mail.com,sold,Rice,2023-11-18,2024-01-04,101,2525,47,48,7595.2,no,55,0,2024-01-04,-7595.2
190,Customer_190,customer190@mail.com,sold,Rice,2023-10-08,2023-11-14,115,2875,37,22,3120.33,partial,42,0,2023-11-14,-3120.33
526,Customer_526,customer526@mail.com,storing,Sorghum,2024-08-15,2024-12-26,166,8300,133,38,27965.47,yes,43,0,2024-12-26,-27965.47
66,Customer_66,customer66@mail.com,storing,Maize,2023-10-19,2024-02-22,56,2800,126,57,13406.4,partial,29,0,2024-02-22,-13406.4
927,Customer_927,customer927@mail.com,stored,Barley,2023-04-29,2023-06-15,158,7900,47,35,8663.67,no,32,0,2023-06-15,-8663.67
652,Customer_652,customer652@mail.com,storing,Barley,2024-01-29,2024-04-16,117,2925,78,59,17947.8,no,31,0,2024-04-16,-17947.8
1501,Customer_1501,customer1501@mail.com,sold,Wheat,2024-01-26,2024-06-17,30,750,143,37,5291.0,partial,44,33000,2024-06-17,27709.0
446,Customer_446,customer446@mail.com,storing,Millet,2024-01-20,2024-06-14,136,3400,146,34,22503.47,partial,32,108800,2024-06-14,86296.53
1551,Customer_1551,customer1551@mail.com,sold,Rice,2023-09-10,2023-10-08,199,9950,28,51,9472.4,no,31,308450,2023-10-08,298977.6
1852,Customer_1852,customer1852@mail.com,storing,Sorghum,2024-05-02,2024-06-14,66,3300,43,22,2081.2,yes,40,132000,2024-06-14,129918.8
784,Customer_784,customer784@mail.com,storing,Sorghum,2023-08-16,2024-01-26,68,3400,163,38,14039.73,partial,50,0,2024-01-26,-14039.73
149,Customer_149,customer149@mail.com,sold,Maize,2023-07-10,2023-11-29,130,6500,142,45,27690.0,yes,40,260000,2023-11-29,232310.0
630,Customer_630,customer630@mail.com,sold,Sorghum,2023-07-07,2023-08-20,178,8900,44,56,14619.73,partial,33,0,2023-08-20,-14619.73
1381,Customer_1381,customer1381@mail.com,sold,Sorghum,2023-07-18,2023-08-18,85,4250,31,55,4830.83,partial,29,0,2023-08-18,-4830.83
946,Customer_946,customer946@mail.com,stored,Rice,2023-12-27,2024-05-01,136,6800,126,44,25132.8,yes,52,0,2024-05-01,-25132.8
406,Customer_406,customer406@mail.com,stored,Wheat,2023-09-09,2024-02-15,101,2525,159,51,27300.3,no,40,101000,2024-02-15,73699.7
1404,Customer_1404,customer1404@mail.com,stored,Barley,2024-01-19,2024-05-29,129,6450,131,25,14082.5,partial,50,0,2024-05-29,-14082.5
1348,Customer_1348,customer1348@mail.com,sold,Barley,2023-08-16,2023-11-05,14,350,81,47,1776.6,no,35,0,2023-11-05,-1776.6
1447,Customer_1447,customer1447@mail.com,sold,Rice,2023-06-12,2023-09-25,171,8550,105,21,12568.5,partial,49,418950,2023-09-25,406381.5
274,Customer_274,customer274@mail.com,stored,Millet,2023-03-31,2023-07-07,85,4250,98,38,10551.33,partial,35,0,2023-07-07,-10551.33
717,Customer_717,customer717@mail.com,storing,Maize,2023-05-17,2023-06-11,170,8500,25,27,3825.0,no,38,323000,2023-06-11,319175.0
132,Customer_132,customer132@mail.com,storing,Barley,2023-10-29,2024-03-01,79,3950,124,22,7183.73,partial,27,0,2024-03-01,-7183.73
1546,Customer_1546,customer1546@mail.com,stored,Barley,2023-09-30,2024-01-26,196,9800,118,55,42401.33,no,41,0,2024-01-26,-42401.33
94,Customer_94,customer94@mail.com,storing,Sorghum,2023-03-25,2023-05-10,141,3525,46,21,4540.2,partial,53,0,2023-05-10,-4540.2
1378,Customer_1378,customer1378@mail.com,storing,Barley,2023-11-22,2023-12-19,33,825,27,60,1782.0,yes,28,0,2023-12-19,-1782.0
1440,Customer_1440,customer1440@mail.com,sold,Barley,2023-03-11,2023-04-11,163,4075,31,25,4210.83,yes,54,0,2023-04-11,-4210.83
398,Customer_398,customer398@mail.com,storing,Maize,2024-04-01,2024-09-06,154,7700,158,39,31631.6,partial,32,0,2024-09-06,-31631.6
374,Customer_374,customer374@mail.com,stored,Millet,2024-04-09,2024-06-02,158,7900,54,31,8816.4,yes,38,300200,2024-06-02,291383.6
690,Customer_690,customer690@mail.com,stored,Rice,2023-05-30,2023-08-15,141,3525,77,44,15923.6,yes,55,0,2023-08-15,-15923.6
1202,Customer_1202,customer1202@mail.com,stored,Maize,2023-11-22,2024-02-19,27,1350,89,56,4485.6,no,30,40500,2024-02-19,36014.4
1955,Customer_1955,customer1955@mail.com,storing,Millet,2023-12-25,2024-04-27,40,2000,124,26,4298.67,yes,54,0,2024-04-27,-4298.67
1595,Customer_1595,customer1595@mail.com,sold,Rice,2023-08-13,2023-09-08,109,2725,26,27,2550.6,no,28,0,2023-09-08,-2550.6
1116,Customer_1116,customer1116@mail.com,stored,Millet,2023-06-30,2023-12-20,33,825,173,44,8373.2,no,51,42075,2023-12-20,33701.8
1341,Customer_1341,customer1341@mail.com,stored,Rice,2024-05-29,2024-11-11,139,6950,166,52,39994.93,no,50,0,2024-11-11,-39994.93
447,Customer_447,customer447@mail.com,stored,Barley,2024-08-18,2025-01-10,143,7150,145,25,17279.17,yes,49,0,2025-01-10,-17279.17
1768,Customer_1768,customer1768@mail.com,stored,Rice,2024-07-21,2024-11-08,113,5650,110,51,21131.0,yes,44,248600,2024-11-08,227469.0
344,Customer_344,customer344@mail.com,storing,Barley,2023-01-20,2023-04-15,175,8750,85,60,29750.0,yes,39,341250,2023-04-15,311500.0
735,Customer_735,customer735@mail.com,sold,Maize,2024-02-10,2024-03-04,58,1450,23,39,1734.2,yes,51,73950,2024-03-04,72215.8
1414,Customer_1414,customer1414@mail.com,sold,Rice,2024-01-02,2024-06-15,177,8850,165,39,37966.5,no,49,0,2024-06-15,-37966.5
1911,Customer_1911,customer1911@mail.com,sold,Millet,2024-08-16,2024-12-01,35,1750,107,24,2996.0,yes,53,92750,2024-12-01,89754.0
647,Customer_647,customer647@mail.com,sold,Wheat,2024-03-23,2024-06-10,58,1450,79,45,6873.0,partial,38,0,2024-06-10,-6873.0
744,Customer_744,customer744@mail.com,storing,Maize,2024-06-23,2024-09-16,112,5600,85,60,19040.0,no,29,0,2024-09-16,-19040.0
1234,Customer_1234,customer1234@mail.com,sold,Millet,2024-03-18,2024-06-30,141,3525,104,41,20040.8,partial,26,0,2024-06-30,-20040.8
210,Customer_210,customer210@mail.com,storing,Millet,2024-05-16,2024-10-01,140,7000,138,58,37352.0,yes,50,0,2024-10-01,-37352.0
1929,Customer_1929,customer1929@mail.com,stored,Maize,2023-12-17,2024-01-19,111,2775,33,32,3907.2,no,51,141525,2024-01-19,137617.8
1295,Customer_1295,customer1295@mail.com,storing,Wheat,2023-01-06,2023-05-19,72,3600,133,44,14044.8,yes,42,151200,2023-05-19,137155.2
1197,Customer_1197,customer1197@mail.com,stored,Rice,2024-05-02,2024-08-08,194,4850,98,36,22814.4,no,28,135800,2024-08-08,112985.6
1792,Customer_1792,customer1792@mail.com,storing,Millet,2024-02-11,2024-04-10,152,3800,59,53,15843.47,no,37,0,2024-04-10,-15843.47
1915,Customer_1915,customer1915@mail.com,stored,Rice,2023-06-19,2023-11-27,137,3425,161,35,25733.17,partial,42,143850,2023-11-27,118116.83
498,Customer_498,customer498@mail.com,storing,Rice,2023-11-26,2024-02-18,105,2625,84,41,12054.0,yes,54,141750,2024-02-18,129696.0
1540,Customer_1540,customer1540@mail.com,sold,Millet,2023-08-04,2023-11-13,108,5400,101,50,18180.0,no,35,0,2023-11-13,-18180.0
30,Customer_30,customer30@mail.com,stored,Maize,2023-01-14,2023-04-27,138,3450,103,34,16109.2,yes,43,148350,2023-04-27,132240.8
1512,Customer_1512,customer1512@mail.com,storing,Sorghum,2023-03-05,2023-04-22,154,7700,48,36,8870.4,partial,51,392700,2023-04-22,383829.6
1160,Customer_1160,customer1160@mail.com,stored,Sorghum,2023-09-18,2023-11-12,149,7450,55,22,6009.67,yes,43,320350,2023-11-12,314340.33
696,Customer_696,customer696@mail.com,sold,Wheat,2023-05-05,2023-06-30,65,3250,56,27,3276.0,yes,52,0,2023-06-30,-3276.0
1533,Customer_1533,customer1533@mail.com,sold,Rice,2023-04-24,2023-08-05,35,875,103,32,3845.33,yes,37,0,2023-08-05,-3845.33
54,Customer_54,customer54@mail.com,stored,Wheat,2023-09-02,2023-12-02,58,1450,91,60,10556.0,yes,50,0,2023-12-02,-10556.0
1862,Customer_1862,customer1862@mail.com,sold,Maize,2024-08-10,2024-10-29,61,1525,80,55,8946.67,yes,41,62525,2024-10-29,53578.33
184,Customer_184,customer184@mail.com,stored,Maize,2024-06-17,2024-09-17,39,975,92,20,2392.0,no,29,0,2024-09-17,-2392.0
1615,Customer_1615,customer1615@mail.com,stored,Wheat,2023-08-05,2023-09-28,13,650,54,30,702.0,no,38,0,2023-09-28,-702.0
748,Customer_748,customer748@mail.com,storing,Maize,2024-08-23,2025-01-09,135,3375,139,39,24394.5,partial,41,0,2025-01-09,-24394.5
1577,Customer_1577,customer1577@mail.com,sold,Wheat,2024-01-10,2024-06-19,49,2450,161,60,15778.0,yes,32,0,2024-06-19,-15778.0
1943,Customer_1943,customer1943@mail.com,storing,Millet,2024-08-11,2025-01-21,108,2700,163,38,22298.4,yes,31,83700,2025-01-21,61401.6
499,Customer_499,customer499@mail.com,sold,Millet,2024-04-09,2024-05-12,115,2875,33,51,6451.5,yes,41,0,2024-05-12,-6451.5
1469,Customer_1469,customer1469@mail.com,stored,Wheat,2024-07-20,2024-08-09,192,9600,20,60,7680.0,no,54,0,2024-08-09,-7680.0
54,Customer_54,customer54@mail.com,sold,Sorghum,2023-05-23,2023-10-25,52,1300,155,47,12627.33,yes,29,37700,2023-10-25,25072.67
373,Customer_373,customer373@mail.com,stored,Maize,2023-10-14,2024-02-27,173,8650,136,24,18822.4,no,43,0,2024-02-27,-18822.4
1885,Customer_1885,customer1885@mail.com,sold,Sorghum,2024-01-03,2024-06-12,88,2200,161,21,9917.6,yes,46,0,2024-06-12,-9917.6
25,Customer_25,customer25@mail.com,stored,Barley,2024-01-16,2024-02-09,149,7450,24,31,3695.2,partial,26,193700,2024-02-09,190004.8
810,Customer_810,customer810@mail.com,stored,Sorghum,2024-08-07,2024-12-29,92,4600,144,45,19872.0,partial,26,119600,2024-12-29,99728.0
49,Customer_49,customer49@mail.com,stored,Barley,2023-01-17,2023-04-07,61,3050,80,40,6506.67,no,54,0,2023-04-07,-6506.67
76,Customer_76,customer76@mail.com,storing,Barley,2024-05-02,2024-07-03,157,3925,62,31,10058.47,no,36,0,2024-07-03,-10058.47
1294,Customer_1294,customer1294@mail.com,stored,Maize,2023-02-18,2023-05-31,58,2900,102,39,7690.8,yes,49,142100,2023-05-31,134409.2
135,Customer_135,customer135@mail.com,storing,Maize,2023-10-01,2024-02-01,188,4700,123,56,43164.8,partial,43,202100,2024-02-01,158935.2
567,Customer_567,customer567@mail.com,stored,Maize,2023-03-11,2023-04-11,119,2975,31,41,5041.63,yes,28,0,2023-04-11,-5041.63
1668,Customer_1668,customer1668@mail.com,sold,Maize,2023-01-21,2023-02-27,180,4500,37,33,7326.0,no,35,157500,2023-02-27,150174.0
220,Customer_220,customer220@mail.com,storing,Sorghum,2023-05-04,2023-08-05,123,3075,93,30,11439.0,yes,32,0,2023-08-05,-11439.0
1326,Customer_1326,customer1326@mail.com,stored,Rice,2024-04-26,2024-06-23,98,4900,58,35,6631.33,partial,52,254800,2024-06-23,248168.67
109,Customer_109,customer109@mail.com,storing,Barley,2024-06-24,2024-09-02,36,1800,70,41,3444.0,yes,34,0,2024-09-02,-3444.0
1928,Customer_1928,customer1928@mail.com,sold,Rice,2024-05-06,2024-06-23,173,4325,48,38,10518.4,no,42,0,2024-06-23,-10518.4
1195,Customer_1195,customer1195@mail.com,storing,Millet,2023-07-16,2023-11-21,58,1450,128,49,12125.87,partial,25,36250,2023-11-21,24124.13
617,Customer_617,customer617@mail.com,stored,Millet,2024-05-23,2024-06-07,19,475,15,55,522.5,yes,29,0,2024-06-07,-522.5
1975,Customer_1975,customer1975@mail.com,sold,Sorghum,2023-09-19,2024-03-10,41,2050,173,25,5910.83,yes,26,53300,2024-03-10,47389.17
1754,Customer_1754,customer1754@mail.com,stored,Millet,2023-09-27,2023-10-11,80,2000,14,28,1045.33,no,43,0,2023-10-11,-1045.33
411,Customer_411,customer411@mail.com,sold,Barley,2024-05-06,2024-06-26,110,5500,51,48,8976.0,partial,35,0,2024-06-26,-8976.0
736,Customer_736,customer736@mail.com,stored,Maize,2024-01-10,2024-05-25,108,2700,136,40,19584.0,no,33,0,2024-05-25,-19584.0
1215,Customer_1215,customer1215@mail.com,stored,Sorghum,2023-08-27,2023-11-01,11,275,66,36,871.2,no,52,0,2023-11-01,-871.2
1482,Customer_1482,customer1482@mail.com,sold,Sorghum,2023-01-02,2023-05-22,97,4850,140,30,13580.0,no,31,0,2023-05-22,-13580.0
1894,Customer_1894,customer1894@mail.com,storing,Wheat,2023-01-15,2023-03-21,190,9500,65,22,9056.67,no,34,323000,2023-03-21,313943.33
1063,Customer_1063,customer1063@mail.com,sold,Sorghum,2023-09-08,2024-02-11,36,1800,156,58,10857.6,yes,31,55800,2024-02-11,44942.4
590,Customer_590,customer590@mail.com,stored,Sorghum,2024-01-12,2024-05-07,41,2050,116,29,4597.47,yes,29,0,2024-05-07,-4597.47
747,Customer_747,customer747@mail.com,stored,Maize,2024-06-15,2024-09-06,14,350,83,24,929.6,partial,41,0,2024-09-06,-929.6
1333,Customer_1333,customer1333@mail.com,storing,Barley,2023-05-03,2023-06-16,83,2075,44,41,4991.07,yes,47,0,2023-06-16,-4991.07
1262,Customer_1262,customer1262@mail.com,sold,Millet,2024-08-16,2024-10-09,74,3700,54,55,7326.0,yes,34,125800,2024-10-09,118474.0
716,Customer_716,customer716@mail.com,stored,Millet,2023-12-27,2024-03-25,74,3700,89,58,12732.93,yes,28,0,2024-03-25,-12732.93
1285,Customer_1285,customer1285@mail.com,storing,Barley,2024-03-03,2024-06-27,183,9150,116,39,27596.4,yes,45,0,2024-06-27,-27596.4
1596,Customer_1596,customer1596@mail.com,sold,Barley,2024-07-26,2024-10-28,41,2050,94,57,7322.6,no,55,112750,2024-10-28,105427.4
1644,Customer_1644,customer1644@mail.com,stored,Millet,2023-11-24,2024-03-31,191,9550,128,22,17928.53,yes,39,372450,2024-03-31,354521.47
1409,Customer_1409,customer1409@mail.com,stored,Wheat,2024-02-09,2024-07-27,91,2275,169,55,28194.83,partial,37,84175,2024-07-27,55980.17
1902,Customer_1902,customer1902@mail.com,stored,Wheat,2024-07-06,2024-12-18,24,600,165,37,4884.0,no,34,0,2024-12-18,-4884.0
788,Customer_788,customer788@mail.com,sold,Millet,2024-04-10,2024-07-11,93,2325,92,37,10552.4,partial,49,0,2024-07-11,-10552.4
6,Customer_6,customer6@mail.com,stored,Sorghum,2023-01-24,2023-07-16,128,6400,173,20,14762.67,no,44,0,2023-07-16,-14762.67
1188,Customer_1188,customer1188@mail.com,storing,Wheat,2024-01-05,2024-02-11,101,5050,37,40,4982.67,yes,54,272700,2024-02-11,267717.33
156,Customer_156,customer156@mail.com,storing,Rice,2024-03-09,2024-07-09,153,7650,122,38,23643.6,no,54,413100,2024-07-09,389456.4
580,Customer_580,customer580@mail.com,sold,Millet,2023-03-14,2023-07-09,138,6900,117,29,15607.8,partial,42,0,2023-07-09,-15607.8
146,Customer_146,customer146@mail.com,sold,Millet,2023-01-05,2023-01-29,96,2400,24,24,1843.2,partial,30,0,2023-01-29,-1843.2
701,Customer_701,customer701@mail.com,sold,Wheat,2024-06-09,2024-09-09,90,4500,92,39,10764.0,partial,27,0,2024-09-09,-10764.0
1323,Customer_1323,customer1323@mail.com,stored,Barley,2023-12-20,2024-04-08,124,6200,110,29,13185.33,no,28,0,2024-04-08,-13185.33
626,Customer_626,customer626@mail.com,storing,Rice,2023-03-25,2023-06-27,119,2975,94,40,14914.67,partial,30,89250,2023-06-27,74335.33
384,Customer_384,customer384@mail.com,stored,Sorghum,2024-07-17,2025-01-09,45,2250,176,28,7392.0,yes,26,0,2025-01-09,-7392.0
359,Customer_359,customer359@mail.com,stored,Millet,2023-07-27,2023-10-25,73,1825,90,52,11388.0,no,51,0,2023-10-25,-11388.0
896,Customer_896,customer896@mail.com,storing,Barley,2023-04-02,2023-09-15,93,2325,166,52,26759.2,partial,53,0,2023-09-15,-26759.2
579,Customer_579,customer579@mail.com,storing,Millet,2024-02-12,2024-05-26,133,3325,104,46,21209.07,no,36,119700,2024-05-26,98490.93
1343,Customer_1343,customer1343@mail.com,sold,Sorghum,2023-08-26,2024-02-09,171,8550,167,46,43787.4,yes,28,0,2024-02-09,-43787.4
857,Customer_857,customer857@mail.com,storing,Maize,2024-01-25,2024-05-02,112,2800,98,32,11707.73,no,33,92400,2024-05-02,80692.27
709,Customer_709,customer709@mail.com,storing,Rice,2024-03-12,2024-05-30,13,325,79,26,890.07,yes,34,0,2024-05-30,-890.07
881,Customer_881,customer881@mail.com,sold,Maize,2023-05-29,2023-07-22,63,3150,54,45,5103.0,no,29,0,2023-07-22,-5103.0
651,Customer_651,customer651@mail.com,stored,Barley,2024-03-24,2024-09-06,122,6100,166,59,39828.93,no,48,292800,2024-09-06,252971.07
1233,Customer_1233,customer1233@mail.com,storing,Barley,2023-07-28,2024-01-24,180,9000,180,54,58320.0,partial,51,0,2024-01-24,-58320.0
1417,Customer_1417,customer1417@mail.com,storing,Sorghum,2024-07-26,2024-12-24,133,3325,151,51,34141.1,partial,27,89775,2024-12-24,55633.9
661,Customer_661,customer661@mail.com,sold,Millet,2023-03-21,2023-06-12,50,1250,83,49,6778.33,yes,47,58750,2023-06-12,51971.67
1083,Customer_1083,customer1083@mail.com,sold,Wheat,2024-05-14,2024-06-15,194,9700,32,46,9518.93,yes,52,0,2024-06-15,-9518.93
1882,Customer_1882,customer1882@mail.com,sold,Barley,2023-07-10,2023-12-24,130,3250,167,53,38354.33,no,54,0,2023-12-24,-38354.33
546,Customer_546,customer546@mail.com,sold,Rice,2024-04-29,2024-07-27,47,1175,89,22,3067.53,partial,36,42300,2024-07-27,39232.47
1123,Customer_1123,customer1123@mail.com,stored,Wheat,2023-05-14,2023-06-18,100,2500,35,40,4666.67,no,33,0,2023-06-18,-4666.67
1999,Customer_1999,customer1999@mail.com,stored,Maize,2023-11-28,2024-04-02,199,4975,126,42,35103.6,partial,29,144275,2024-04-02,109171.4
778,Customer_778,customer778@mail.com,storing,Barley,2023-08-19,2023-10-12,142,7100,54,20,5112.0,partial,28,198800,2023-10-12,193688.0
1270,Customer_1270,customer1270@mail.com,stored,Maize,2023-08-22,2023-09-15,39,975,24,45,1404.0,yes,26,25350,2023-09-15,23946.0
973,Customer_973,customer973@mail.com,stored,Wheat,2023-08-22,2023-12-29,169,8450,129,35,25434.5,no,34,287300,2023-12-29,261865.5
541,Customer_541,customer541@mail.com,stored,Sorghum,2024-08-03,2025-01-12,122,6100,162,30,19764.0,no,42,0,2025-01-12,-19764.0
1755,Customer_1755,customer1755@mail.com,stored,Rice,2024-06-24,2024-12-20,76,1900,179,59,26754.53,yes,38,72200,2024-12-20,45445.47
1780,Customer_1780,customer1780@mail.com,sold,Wheat,2023-06-08,2023-10-11,148,3700,125,31,19116.67,partial,31,114700,2023-10-11,95583.33
317,Customer_317,customer317@mail.com,storing,Wheat,2023-06-30,2023-11-08,89,2225,131,39,15156.7,no,31,0,2023-11-08,-15156.7
1806,Customer_1806,customer1806@mail.com,sold,Wheat,2024-06-09,2024-07-08,153,3825,29,54,7986.6,yes,43,164475,2024-07-08,156488.4
729,Customer_729,customer729@mail.com,stored,Maize,2023-07-12,2023-09-16,13,325,66,60,1716.0,partial,30,0,2023-09-16,-1716.0
854,Customer_854,customer854@mail.com,stored,Barley,2023-08-03,2023-09-21,75,1875,49,24,2940.0,partial,41,76875,2023-09-21,73935.0
1789,Customer_1789,customer1789@mail.com,stored,Rice,2023-05-12,2023-08-05,197,4925,85,20,11163.33,no,44,0,2023-08-05,-11163.33
816,Customer_816,customer816@mail.com,storing,Maize,2023-07-10,2023-09-14,77,1925,66,20,3388.0,yes,35,67375,2023-09-14,63987.0
1791,Customer_1791,customer1791@mail.com,stored,Millet,2024-05-07,2024-07-11,172,8600,65,22,8198.67,no,45,0,2024-07-11,-8198.67
466,Customer_466,customer466@mail.com,storing,Maize,2023-11-28,2024-03-20,84,4200,113,59,18667.6,no,54,226800,2024-03-20,208132.4
335,Customer_335,customer335@mail.com,stored,Maize,2024-05-14,2024-06-15,179,8950,32,33,6300.8,no,27,241650,2024-06-15,235349.2
838,Customer_838,customer838@mail.com,storing,Sorghum,2023-09-06,2023-09-30,147,7350,24,56,6585.6,partial,45,0,2023-09-30,-6585.6
568,Customer_568,customer568@mail.com,storing,Rice,2024-05-08,2024-09-11,23,1150,126,59,5699.4,yes,37,42550,2024-09-11,36850.6
1715,Customer_1715,customer1715@mail.com,stored,Rice,2024-04-27,2024-06-07,99,4950,41,37,5006.1,partial,28,138600,2024-06-07,133593.9
71,Customer_71,customer71@mail.com,sold,Maize,2024-02-21,2024-08-06,84,4200,167,21,9819.6,partial,25,0,2024-08-06,-9819.6
889,Customer_889,customer889@mail.com,stored,Wheat,2023-03-31,2023-08-01,150,3750,123,37,22755.0,no,42,157500,2023-08-01,134745.0
22,Customer_22,customer22@mail.com,sold,Barley,2023-04-25,2023-05-15,143,7150,20,52,4957.33,no,27,0,2023-05-15,-4957.33
1052,Customer_1052,customer1052@mail.com,sold,Barley,2023-02-12,2023-02-26,65,3250,14,27,819.0,no,47,0,2023-02-26,-819.0
1574,Customer_1574,customer1574@mail.com,stored,Rice,2024-01-12,2024-04-02,170,8500,81,44,20196.0,partial,46,0,2024-04-02,-20196.0
542,Customer_542,customer542@mail.com,stored,Maize,2024-04-08,2024-08-03,78,3900,117,51,15514.2,partial,44,0,2024-08-03,-15514.2
1626,Customer_1626,customer1626@mail.com,stored,Rice,2024-04-19,2024-06-16,47,2350,58,46,4179.87,no,39,0,2024-06-16,-4179.87
696,Customer_696,customer696@mail.com,stored,Millet,2023-11-04,2024-01-31,178,4450,88,29,15141.87,partial,46,204700,2024-01-31,189558.13
1942,Customer_1942,customer1942@mail.com,stored,Rice,2024-02-08,2024-06-12,163,8150,125,60,40750.0,yes,35,285250,2024-06-12,244500.0
1998,Customer_1998,customer1998@mail.com,sold,Rice,2023-08-20,2023-12-18,94,2350,120,50,18800.0,yes,50,117500,2023-12-18,98700.0
291,Customer_291,customer291@mail.com,sold,Wheat,2023-10-09,2024-01-08,130,3250,91,42,16562.0,no,35,113750,2024-01-08,97188.0
1327,Customer_1327,customer1327@mail.com,sold,Sorghum,2023-09-27,2023-12-15,43,1075,79,26,2944.07,yes,38,0,2023-12-15,-2944.07
1489,Customer_1489,customer1489@mail.com,storing,Sorghum,2023-09-16,2024-01-18,116,5800,124,45,21576.0,yes,49,284200,2024-01-18,262624.0
117,Customer_117,customer117@mail.com,stored,Barley,2023-02-16,2023-08-06,140,3500,171,60,47880.0,yes,28,0,2023-08-06,-47880.0
445,Customer_445,customer445@mail.com,storing,Millet,2023-06-17,2023-07-03,69,1725,16,46,1692.8,partial,36,62100,2023-07-03,60407.2
1191,Customer_1191,customer1191@mail.com,storing,Maize,2024-03-04,2024-05-17,69,3450,74,20,3404.0,yes,52,179400,2024-05-17,175996.0
1044,Customer_1044,customer1044@mail.com,stored,Rice,2024-08-14,2025-01-08,191,4775,147,49,45859.1,no,51,0,2025-01-08,-45859.1
694,Customer_694,customer694@mail.com,sold,Barley,2023-07-21,2023-11-07,172,8600,109,39,24372.4,no,30,258000,2023-11-07,233627.6
155,Customer_155,customer155@mail.com,storing,Barley,2023-11-26,2023-12-25,165,4125,29,21,3349.5,partial,53,218625,2023-12-25,215275.5
1750,Customer_1750,customer1750@mail.com,sold,Wheat,2023-11-08,2023-12-25,76,3800,47,24,2857.6,no,41,155800,2023-12-25,152942.4
1875,Customer_1875,customer1875@mail.com,stored,Maize,2024-04-10,2024-06-29,120,6000,80,45,14400.0,yes,41,0,2024-06-29,-14400.0
1717,Customer_1717,customer1717@mail.com,stored,Sorghum,2024-05-26,2024-07-19,34,850,54,43,2631.6,yes,31,0,2024-07-19,-2631.6
1070,Customer_1070,customer1070@mail.com,stored,Millet,2024-01-04,2024-04-13,165,4125,100,40,22000.0,partial,29,0,2024-04-13,-22000.0
979,Customer_979,customer979@mail.com,storing,Millet,2024-02-08,2024-04-29,116,2900,81,45,14094.0,partial,33,0,2024-04-29,-14094.0
1421,Customer_1421,customer1421@mail.com,sold,Wheat,2023-03-08,2023-04-09,66,3300,32,53,3731.2,no,41,0,2023-04-09,-3731.2
1713,Customer_1713,customer1713@mail.com,stored,Maize,2023-06-26,2023-12-07,193,9650,164,41,43257.73,no,49,0,2023-12-07,-43257.73
586,Customer_586,customer586@mail.com,stored,Maize,2023-05-25,2023-10-26,188,9400,154,36,34742.4,partial,50,470000,2023-10-26,435257.6
1505,Customer_1505,customer1505@mail.com,stored,Sorghum,2023-08-15,2023-12-12,174,8700,119,58,40031.6,partial,42,365400,2023-12-12,325368.4
526,Customer_526,customer526@mail.com,sold,Sorghum,2023-07-25,2023-11-17,19,475,115,42,3059.0,partial,37,0,2023-11-17,-3059.0
1029,Customer_1029,customer1029@mail.com,stored,Maize,2024-06-14,2024-06-27,124,3100,13,56,3009.07,partial,50,0,2024-06-27,-3009.07
1222,Customer_1222,customer1222@mail.com,stored,Barley,2023-03-30,2023-09-16,105,2625,170,53,31535.0,partial,30,78750,2023-09-16,47215.0
271,Customer_271,customer271@mail.com,sold,Rice,2023-10-13,2024-03-09,76,3800,148,34,12747.73,yes,54,205200,2024-03-09,192452.27
527,Customer_527,customer527@mail.com,storing,Maize,2023-01-24,2023-05-07,16,400,103,47,2581.87,no,50,0,2023-05-07,-2581.87
1535,Customer_1535,customer1535@mail.com,storing,Barley,2024-03-20,2024-05-03,199,9950,44,58,16928.27,no,30,0,2024-05-03,-16928.27
1479,Customer_1479,customer1479@mail.com,stored,Wheat,2023-10-02,2023-12-22,160,8000,81,41,17712.0,partial,35,280000,2023-12-22,262288.0
722,Customer_722,customer722@mail.com,stored,Wheat,2023-06-28,2023-11-10,139,6950,135,34,21267.0,yes,55,382250,2023-11-10,360983.0
1338,Customer_1338,customer1338@mail.com,sold,Millet,2024-02-20,2024-08-09,33,1650,171,43,8088.3,yes,36,0,2024-08-09,-8088.3
525,Customer_525,customer525@mail.com,stored,Millet,2024-04-05,2024-06-14,167,8350,70,37,14417.67,partial,47,392450,2024-06-14,378032.33
1788,Customer_1788,customer1788@mail.com,storing,Rice,2024-02-03,2024-03-21,193,4825,47,50,15118.33,no,25,120625,2024-03-21,105506.67
608,Customer_608,customer608@mail.com,sold,Millet,2023-09-19,2024-01-14,31,1550,117,58,7012.2,partial,34,52700,2024-01-14,45687.8
811,Customer_811,customer811@mail.com,stored,Maize,2024-08-05,2024-11-18,45,2250,105,22,3465.0,no,33,0,2024-11-18,-3465.0
1530,Customer_1530,customer1530@mail.com,sold,Millet,2024-03-25,2024-09-11,62,3100,170,51,17918.0,partial,47,0,2024-09-11,-17918.0
119,Customer_119,customer119@mail.com,stored,Sorghum,2023-07-07,2023-12-23,86,4300,169,23,11142.73,partial,51,0,2023-12-23,-11142.73
1331,Customer_1331,customer1331@mail.com,stored,Rice,2024-05-07,2024-06-07,162,4050,31,21,3515.4,no,25,101250,2024-06-07,97734.6
1866,Customer_1866,customer1866@mail.com,sold,Sorghum,2023-05-11,2023-07-22,25,625,72,30,1800.0,yes,42,26250,2023-07-22,24450.0
1254,Customer_1254,customer1254@mail.com,storing,Rice,2024-02-10,2024-07-24,190,9500,165,60,62700.0,partial,46,0,2024-07-24,-62700.0
1438,Customer_1438,customer1438@mail.com,stored,Maize,2023-05-21,2023-07-14,194,9700,54,49,17110.8,no,52,0,2023-07-14,-17110.8
1871,Customer_1871,customer1871@mail.com,sold,Maize,2023-07-06,2023-10-31,116,2900,117,58,26239.2,yes,35,101500,2023-10-31,75260.8
451,Customer_451,customer451@mail.com,storing,Barley,2023-07-28,2023-12-22,61,1525,147,31,9265.9,yes,29,44225,2023-12-22,34959.1
5,Customer_5,customer5@mail.com,stored,Barley,2024-05-28,2024-10-21,110,5500,146,57,30514.0,yes,52,286000,2024-10-21,255486.0
1486,Customer_1486,customer1486@mail.com,stored,Barley,2023-05-13,2023-10-11,99,2475,151,50,24915.0,yes,42,103950,2023-10-11,79035.0
53,Customer_53,customer53@mail.com,stored,Rice,2023-05-14,2023-06-13,18,450,30,44,792.0,yes,47,21150,2023-06-13,20358.0
1715,Customer_1715,customer1715@mail.com,storing,Sorghum,2023-08-07,2024-01-30,63,3150,176,46,17001.6,no,26,0,2024-01-30,-17001.6
1628,Customer_1628,customer1628@mail.com,storing,Millet,2023-03-26,2023-04-23,30,750,28,48,1344.0,yes,48,36000,2023-04-23,34656.0
834,Customer_834,customer834@mail.com,storing,Barley,2023-05-19,2023-10-08,129,6450,142,26,15875.6,no,42,270900,2023-10-08,255024.4
857,Customer_857,customer857@mail.com,sold,Sorghum,2023-03-12,2023-04-07,48,2400,26,45,1872.0,partial,47,0,2023-04-07,-1872.0
1717,Customer_1717,customer1717@mail.com,sold,Rice,2023-03-23,2023-08-07,162,4050,137,56,41428.8,partial,51,0,2023-08-07,-41428.8
909,Customer_909,customer909@mail.com,sold,Wheat,2023-01-02,2023-05-24,43,2150,142,40,8141.33,no,40,86000,2023-05-24,77858.67
279,Customer_279,customer279@mail.com,storing,Rice,2024-02-01,2024-03-18,109,2725,46,53,8858.07,yes,38,0,2024-03-18,-8858.07
260,Customer_260,customer260@mail.com,stored,Rice,2024-03-26,2024-07-15,96,4800,111,37,13142.4,partial,42,201600,2024-07-15,188457.6
1260,Customer_1260,customer1260@mail.com,stored,Sorghum,2024-04-10,2024-05-14,117,5850,34,48,6364.8,no,53,0,2024-05-14,-6364.8
1888,Customer_1888,customer1888@mail.com,storing,Maize,2023-02-13,2023-04-10,47,2350,56,38,3333.87,no,39,91650,2023-04-10,88316.13
1626,Customer_1626,customer1626@mail.com,storing,Sorghum,2023-07-15,2023-12-14,84,4200,152,33,14044.8,partial,37,155400,2023-12-14,141355.2
1122,Customer_1122,customer1122@mail.com,stored,Sorghum,2023-05-24,2023-06-17,39,1950,24,59,1840.8,yes,54,105300,2023-06-17,103459.2
801,Customer_801,customer801@mail.com,sold,Rice,2023-01-22,2023-06-18,14,350,147,49,3361.4,no,27,9450,2023-06-18,6088.6
1339,Customer_1339,customer1339@mail.com,storing,Barley,2024-02-17,2024-02-29,10,250,12,58,232.0,yes,38,9500,2024-02-29,9268.0
333,Customer_333,customer333@mail.com,stored,Rice,2023-02-13,2023-06-26,176,8800,133,52,40573.87,yes,51,448800,2023-06-26,408226.13
1704,Customer_1704,customer1704@mail.com,stored,Millet,2023-10-24,2024-03-06,194,4850,134,54,46792.8,partial,47,0,2024-03-06,-46792.8
396,Customer_396,customer396@mail.com,storing,Rice,2023-10-25,2023-11-12,70,3500,18,47,1974.0,partial,50,0,2023-11-12,-1974.0
1097,Customer_1097,customer1097@mail.com,storing,Maize,2024-03-12,2024-08-05,175,4375,146,60,51100.0,yes,40,175000,2024-08-05,123900.0
1837,Customer_1837,customer1837@mail.com,storing,Sorghum,2024-05-26,2024-09-30,147,7350,127,48,29870.4,yes,50,0,2024-09-30,-29870.4
225,Customer_225,customer225@mail.com,storing,Maize,2024-08-17,2024-09-06,180,9000,20,27,3240.0,yes,44,0,2024-09-06,-3240.0
977,Customer_977,customer977@mail.com,storing,Maize,2023-12-25,2024-03-23,94,2350,89,20,5577.33,no,33,77550,2024-03-23,71972.67
570,Customer_570,customer570@mail.com,stored,Millet,2024-07-06,2024-12-27,157,3925,174,21,19122.6,partial,37,0,2024-12-27,-19122.6
829,Customer_829,customer829@mail.com,stored,Barley,2024-08-17,2024-10-19,170,8500,63,48,17136.0,no,54,459000,2024-10-19,441864.0
589,Customer_589,customer589@mail.com,storing,Rice,2024-05-08,2024-08-08,178,4450,92,21,11463.2,yes,26,0,2024-08-08,-11463.2
1017,Customer_1017,customer1017@mail.com,stored,Maize,2023-11-10,2024-01-01,101,5050,52,31,5427.07,yes,25,126250,2024-01-01,120822.93
1581,Customer_1581,customer1581@mail.com,sold,Millet,2024-08-18,2024-12-31,12,600,135,23,1242.0,no,42,0,2024-12-31,-1242.0
1166,Customer_1166,customer1166@mail.com,sold,Rice,2023-01-16,2023-04-29,155,7750,103,33,17561.5,yes,46,356500,2023-04-29,338938.5
355,Customer_355,customer355@mail.com,storing,Maize,2023-10-09,2024-03-06,83,4150,149,20,8244.67,yes,54,0,2024-03-06,-8244.67
798,Customer_798,customer798@mail.com,sold,Maize,2023-05-19,2023-07-08,157,7850,50,21,5495.0,no,34,0,2023-07-08,-5495.0
720,Customer_720,customer720@mail.com,stored,Millet,2024-05-16,2024-10-13,167,4175,150,43,35905.0,no,39,0,2024-10-13,-35905.0
1832,Customer_1832,customer1832@mail.com,stored,Millet,2024-02-22,2024-07-17,29,725,146,41,5786.47,partial,53,0,2024-07-17,-5786.47
1794,Customer_1794,customer1794@mail.com,storing,Maize,2024-04-22,2024-07-17,149,3725,86,50,21356.67,partial,34,0,2024-07-17,-21356.67
176,Customer_176,customer176@mail.com,storing,Rice,2023-08-16,2024-01-05,159,7950,142,53,39887.8,no,42,0,2024-01-05,-39887.8
65,Customer_65,customer65@mail.com,sold,Rice,2024-08-16,2024-09-03,123,6150,18,31,2287.8,partial,29,0,2024-09-03,-2287.8
933,Customer_933,customer933@mail.com,storing,Rice,2023-11-15,2024-03-24,190,9500,130,41,33756.67,no,42,0,2024-03-24,-33756.67
827,Customer_827,customer827@mail.com,storing,Sorghum,2023-09-06,2023-12-30,188,4700,115,37,26664.67,partial,47,220900,2023-12-30,194235.33
20,Customer_20,customer20@mail.com,storing,Wheat,2023-02-09,2023-07-11,137,3425,152,27,18741.6,no,29,99325,2023-07-11,80583.4
1923,Customer_1923,customer1923@mail.com,stored,Maize,2023-09-13,2024-03-02,73,1825,171,29,12066.9,yes,36,0,2024-03-02,-12066.9
1497,Customer_1497,customer1497@mail.com,sold,Wheat,2023-11-08,2024-02-08,80,4000,92,59,14474.67,yes,52,0,2024-02-08,-14474.67
1262,Customer_1262,customer1262@mail.com,sold,Maize,2023-04-10,2023-04-24,73,1825,14,22,749.47,partial,43,78475,2023-04-24,77725.53
218,Customer_218,customer218@mail.com,storing,Sorghum,2024-06-15,2024-06-28,193,9650,13,43,3596.23,yes,39,376350,2024-06-28,372753.77
314,Customer_314,customer314@mail.com,sold,Millet,2024-02-17,2024-07-04,32,1600,138,51,7507.2,yes,42,0,2024-07-04,-7507.2
941,Customer_941,customer941@mail.com,sold,Maize,2024-07-29,2024-11-15,160,8000,109,29,16858.67,partial,45,360000,2024-11-15,343141.33
277,Customer_277,customer277@mail.com,stored,Barley,2023-09-01,2023-10-28,153,3825,57,43,12500.1,yes,39,149175,2023-10-28,136674.9
1594,Customer_1594,customer1594@mail.com,stored,Wheat,2024-06-24,2024-11-29,185,9250,158,44,42870.67,yes,40,0,2024-11-29,-42870.67
1622,Customer_1622,customer1622@mail.com,stored,Wheat,2023-06-18,2023-12-12,186,4650,177,40,43896.0,partial,30,139500,2023-12-12,95604.0
143,Customer_143,customer143@mail.com,storing,Rice,2024-08-08,2024-12-05,14,700,119,49,2721.13,partial,45,31500,2024-12-05,28778.87
1963,Customer_1963,customer1963@mail.com,stored,Maize,2024-01-13,2024-02-08,144,3600,26,44,5491.2,yes,50,0,2024-02-08,-5491.2
505,Customer_505,customer505@mail.com,stored,Wheat,2024-08-22,2024-09-28,39,1950,37,43,2068.3,yes,53,0,2024-09-28,-2068.3
193,Customer_193,customer193@mail.com,stored,Maize,2024-05-06,2024-07-23,163,4075,78,32,13561.6,no,44,179300,2024-07-23,165738.4
46,Customer_46,customer46@mail.com,sold,Sorghum,2023-06-06,2023-11-11,25,625,158,43,5661.67,yes,41,25625,2023-11-11,19963.33
1588,Customer_1588,customer1588@mail.com,stored,Barley,2023-02-03,2023-04-16,170,8500,72,32,13056.0,no,40,0,2023-04-16,-13056.0
1105,Customer_1105,customer1105@mail.com,sold,Barley,2023-10-22,2024-02-08,184,9200,109,46,30752.53,yes,32,0,2024-02-08,-30752.53
1046,Customer_1046,customer1046@mail.com,stored,Sorghum,2023-01-30,2023-06-26,42,2100,147,56,11524.8,partial,30,0,2023-06-26,-11524.8
22,Customer_22,customer22@mail.com,storing,Millet,2023-03-20,2023-05-11,131,3275,52,33,7493.2,yes,47,0,2023-05-11,-7493.2
722,Customer_722,customer722@mail.com,sold,Sorghum,2023-03-19,2023-07-24,157,7850,127,20,13292.67,partial,38,0,2023-07-24,-13292.67
1495,Customer_1495,customer1495@mail.com,sold,Millet,2023-12-31,2024-03-29,197,9850,89,56,32728.27,yes,47,0,2024-03-29,-32728.27
48,Customer_48,customer48@mail.com,stored,Maize,2023-03-24,2023-09-03,59,2950,163,50,16028.33,yes,52,0,2023-09-03,-16028.33
1224,Customer_1224,customer1224@mail.com,sold,Rice,2023-05-21,2023-07-20,169,8450,60,57,19266.0,no,39,0,2023-07-20,-19266.0
76,Customer_76,customer76@mail.com,storing,Barley,2023-07-17,2023-12-15,42,2100,151,24,5073.6,no,51,107100,2023-12-15,102026.4
642,Customer_642,customer642@mail.com,stored,Barley,2024-05-07,2024-08-09,76,1900,94,37,8810.93,yes,41,77900,2024-08-09,69089.07
1179,Customer_1179,customer1179@mail.com,sold,Barley,2023-08-21,2023-09-24,84,2100,34,43,4093.6,partial,45,0,2023-09-24,-4093.6
368,Customer_368,customer368@mail.com,stored,Wheat,2024-04-25,2024-08-10,86,4300,107,23,7054.87,no,30,0,2024-08-10,-7054.87
159,Customer_159,customer159@mail.com,sold,Sorghum,2023-05-14,2023-06-24,128,3200,41,47,8221.87,yes,38,121600,2023-06-24,113378.13
631,Customer_631,customer631@mail.com,storing,Wheat,2023-05-22,2023-09-22,121,3025,123,38,18851.8,partial,52,157300,2023-09-22,138448.2
1865,Customer_1865,customer1865@mail.com,storing,Rice,2024-07-18,2024-12-06,134,6700,141,29,18264.2,no,28,187600,2024-12-06,169335.8
1125,Customer_1125,customer1125@mail.com,sold,Sorghum,2024-05-04,2024-07-30,63,3150,87,34,6211.8,yes,39,122850,2024-07-30,116638.2
818,Customer_818,customer818@mail.com,storing,Maize,2024-07-01,2024-08-30,62,1550,60,56,6944.0,no,51,79050,2024-08-30,72106.0
1400,Customer_1400,customer1400@mail.com,storing,Barley,2023-11-11,2024-05-05,160,4000,176,56,52565.33,partial,45,0,2024-05-05,-52565.33
182,Customer_182,customer182@mail.com,sold,Wheat,2024-02-25,2024-07-18,127,6350,144,32,19507.2,no,30,0,2024-07-18,-19507.2
1452,Customer_1452,customer1452@mail.com,stored,Barley,2024-05-31,2024-08-23,161,8050,84,37,16679.6,yes,54,434700,2024-08-23,418020.4
1885,Customer_1885,customer1885@mail.com,stored,Barley,2024-07-06,2024-09-06,66,3300,62,37,5046.8,yes,50,165000,2024-09-06,159953.2
667,Customer_667,customer667@mail.com,stored,Wheat,2023-06-18,2023-07-16,45,1125,28,36,1512.0,no,44,0,2023-07-16,-1512.0
1891,Customer_1891,customer1891@mail.com,stored,Rice,2023-03-13,2023-04-07,173,8650,25,30,4325.0,partial,29,250850,2023-04-07,246525.0
1279,Customer_1279,customer1279@mail.com,storing,Rice,2024-02-26,2024-05-04,154,7700,68,40,13962.67,yes,39,300300,2024-05-04,286337.33
1249,Customer_1249,customer1249@mail.com,sold,Maize,2024-01-12,2024-06-25,56,1400,165,35,10780.0,yes,43,0,2024-06-25,-10780.0
350,Customer_350,customer350@mail.com,stored,Barley,2023-07-08,2023-08-05,26,650,28,39,946.4,yes,34,0,2023-08-05,-946.4
1405,Customer_1405,customer1405@mail.com,storing,Maize,2023-10-17,2024-01-11,188,4700,86,34,18323.73,no,41,0,2024-01-11,-18323.73
298,Customer_298,customer298@mail.com,stored,Maize,2023-01-10,2023-03-30,63,3150,79,44,7299.6,no,38,119700,2023-03-30,112400.4
1448,Customer_1448,customer1448@mail.com,stored,Wheat,2023-05-12,2023-10-21,100,2500,162,21,11340.0,partial,50,0,2023-10-21,-11340.0
1810,Customer_1810,customer1810@mail.com,stored,Millet,2024-01-08,2024-06-21,186,9300,165,43,43989.0,partial,42,0,2024-06-21,-43989.0
106,Customer_106,customer106@mail.com,storing,Barley,2024-06-14,2024-08-20,75,1875,67,55,9212.5,no,27,0,2024-08-20,-9212.5
1027,Customer_1027,customer1027@mail.com,stored,Sorghum,2024-02-29,2024-04-28,183,4575,59,34,12236.6,partial,31,141825,2024-04-28,129588.4
301,Customer_301,customer301@mail.com,sold,Sorghum,2024-08-07,2024-12-21,55,2750,136,23,5734.67,no,38,104500,2024-12-21,98765.33
580,Customer_580,customer580@mail.com,stored,Sorghum,2024-02-12,2024-03-21,148,3700,38,44,8248.53,partial,47,173900,2024-03-21,165651.47
1954,Customer_1954,customer1954@mail.com,storing,Sorghum,2023-01-24,2023-05-01,51,2550,97,51,8409.9,partial,42,107100,2023-05-01,98690.1
1043,Customer_1043,customer1043@mail.com,sold,Millet,2024-04-28,2024-10-15,49,2450,170,34,9440.67,partial,26,63700,2024-10-15,54259.33
701,Customer_701,customer701@mail.com,stored,Maize,2023-06-01,2023-10-18,44,2200,139,59,12028.13,yes,48,0,2023-10-18,-12028.13
303,Customer_303,customer303@mail.com,stored,Millet,2023-03-11,2023-04-22,115,2875,42,29,4669.0,no,55,158125,2023-04-22,153456.0
1256,Customer_1256,customer1256@mail.com,storing,Millet,2024-05-14,2024-10-26,30,750,165,52,8580.0,yes,38,0,2024-10-26,-8580.0
920,Customer_920,customer920@mail.com,storing,Rice,2023-06-10,2023-07-17,168,4200,37,21,4351.2,yes,33,0,2023-07-17,-4351.2
444,Customer_444,customer444@mail.com,stored,Barley,2024-06-05,2024-11-11,59,1475,159,28,8755.6,yes,52,76700,2024-11-11,67944.4
387,Customer_387,customer387@mail.com,storing,Wheat,2024-04-19,2024-08-12,68,1700,115,59,15379.33,yes,51,86700,2024-08-12,71320.67
730,Customer_730,customer730@mail.com,stored,Sorghum,2023-10-18,2023-11-14,23,1150,27,29,600.3,partial,49,56350,2023-11-14,55749.7
1280,Customer_1280,customer1280@mail.com,sold,Maize,2023-12-07,2024-03-17,57,2850,101,43,8251.7,partial,39,0,2024-03-17,-8251.7
287,Customer_287,customer287@mail.com,storing,Maize,2023-05-01,2023-07-13,87,4350,73,35,7409.5,yes,36,156600,2023-07-13,149190.5
1698,Customer_1698,customer1698@mail.com,stored,Sorghum,2024-04-02,2024-08-19,102,5100,139,26,12287.6,no,51,0,2024-08-19,-12287.6
220,Customer_220,customer220@mail.com,stored,Barley,2024-02-27,2024-04-28,120,3000,61,22,5368.0,yes,29,0,2024-04-28,-5368.0
1774,Customer_1774,customer1774@mail.com,stored,Sorghum,2024-07-24,2024-12-05,181,4525,134,38,30721.73,partial,48,0,2024-12-05,-30721.73
1600,Customer_1600,customer1600@mail.com,stored,Rice,2024-02-01,2024-02-24,103,5150,23,56,4422.13,no,27,139050,2024-02-24,134627.87
1357,Customer_1357,customer1357@mail.com,sold,Barley,2023-09-12,2023-11-15,45,2250,64,24,2304.0,partial,47,0,2023-11-15,-2304.0
1461,Customer_1461,customer1461@mail.com,sold,Sorghum,2023-02-26,2023-08-09,90,4500,164,56,27552.0,no,29,0,2023-08-09,-27552.0
896,Customer_896,customer896@mail.com,sold,Sorghum,2023-09-28,2024-03-20,167,8350,174,41,39712.6,no,31,0,2024-03-20,-39712.6
366,Customer_366,customer366@mail.com,sold,Sorghum,2023-04-02,2023-04-14,142,7100,12,38,2158.4,partial,25,0,2023-04-14,-2158.4
88,Customer_88,customer88@mail.com,stored,Barley,2023-04-05,2023-06-12,164,4100,68,25,9293.33,yes,28,114800,2023-06-12,105506.67
225,Customer_225,customer225@mail.com,stored,Maize,2023-12-20,2024-02-15,191,9550,57,43,15604.7,no,48,458400,2024-02-15,442795.3
161,Customer_161,customer161@mail.com,storing,Barley,2023-06-29,2023-09-07,172,8600,70,31,12441.33,partial,25,0,2023-09-07,-12441.33
688,Customer_688,customer688@mail.com,sold,Wheat,2024-02-29,2024-03-11,127,3175,11,36,1676.4,no,48,0,2024-03-11,-1676.4
985,Customer_985,customer985@mail.com,stored,Barley,2023-08-27,2023-09-08,25,625,12,20,200.0,yes,43,26875,2023-09-08,26675.0
337,Customer_337,customer337@mail.com,stored,Wheat,2023-06-25,2023-08-24,56,2800,60,59,6608.0,no,48,134400,2023-08-24,127792.0
1362,Customer_1362,customer1362@mail.com,sold,Sorghum,2024-03-24,2024-05-17,137,6850,54,38,9370.8,yes,38,0,2024-05-17,-9370.8
1093,Customer_1093,customer1093@mail.com,stored,Barley,2024-04-20,2024-07-28,149,3725,99,39,19176.3,yes,43,0,2024-07-28,-19176.3
1737,Customer_1737,customer1737@mail.com,stored,Wheat,2023-05-22,2023-06-29,73,1825,38,54,4993.2,no,30,0,2023-06-29,-4993.2
1529,Customer_1529,customer1529@mail.com,sold,Wheat,2023-01-26,2023-06-21,65,1625,146,47,14867.67,partial,53,0,2023-06-21,-14867.67
1578,Customer_1578,customer1578@mail.com,storing,Maize,2024-06-26,2024-10-02,145,7250,98,48,22736.0,partial,38,275500,2024-10-02,252764.0
1617,Customer_1617,customer1617@mail.com,stored,Wheat,2023-02-10,2023-03-01,184,4600,19,47,5477.07,partial,47,216200,2023-03-01,210722.93
81,Customer_81,customer81@mail.com,storing,Millet,2023-06-05,2023-07-02,20,500,27,34,612.0,no,51,0,2023-07-02,-612.0
220,Customer_220,customer220@mail.com,sold,Barley,2024-01-30,2024-05-05,122,6100,96,34,13273.6,yes,48,0,2024-05-05,-13273.6
1047,Customer_1047,customer1047@mail.com,sold,Rice,2023-11-05,2023-11-30,95,4750,25,54,4275.0,partial,27,128250,2023-11-30,123975.0
1336,Customer_1336,customer1336@mail.com,storing,Maize,2023-11-13,2024-01-07,73,1825,55,22,2944.33,no,37,0,2024-01-07,-2944.33
616,Customer_616,customer616@mail.com,stored,Barley,2023-04-08,2023-05-11,122,3050,33,53,7112.6,no,25,0,2023-05-11,-7112.6
1131,Customer_1131,customer1131@mail.com,sold,Sorghum,2023-12-17,2024-04-18,130,3250,123,41,21853.0,partial,42,136500,2024-04-18,114647.0
1225,Customer_1225,customer1225@mail.com,stored,Barley,2023-05-16,2023-06-18,51,1275,33,47,2636.7,yes,31,0,2023-06-18,-2636.7
1937,Customer_1937,customer1937@mail.com,stored,Barley,2024-04-22,2024-08-17,85,2125,117,22,7293.0,partial,48,0,2024-08-17,-7293.0
1591,Customer_1591,customer1591@mail.com,storing,Maize,2024-07-27,2024-08-11,110,5500,15,52,2860.0,partial,50,275000,2024-08-11,272140.0
143,Customer_143,customer143@mail.com,stored,Sorghum,2024-01-18,2024-02-19,156,3900,32,34,5657.6,partial,41,0,2024-02-19,-5657.6
23,Customer_23,customer23@mail.com,sold,Millet,2023-08-09,2024-01-20,100,2500,164,60,32800.0,yes,47,0,2024-01-20,-32800.0
1436,Customer_1436,customer1436@mail.com,stored,Rice,2024-04-28,2024-06-20,124,3100,53,51,11172.4,partial,51,0,2024-06-20,-11172.4
828,Customer_828,customer828@mail.com,stored,Sorghum,2023-04-25,2023-09-05,93,4650,133,36,14842.8,no,28,0,2023-09-05,-14842.8
1585,Customer_1585,customer1585@mail.com,stored,Barley,2024-02-04,2024-04-18,178,8900,74,48,21075.2,partial,54,0,2024-04-18,-21075.2
449,Customer_449,customer449@mail.com,storing,Sorghum,2024-06-23,2024-07-07,69,3450,14,35,1127.0,no,39,0,2024-07-07,-1127.0
674,Customer_674,customer674@mail.com,storing,Sorghum,2024-01-10,2024-03-31,196,4900,81,39,20638.8,no,51,249900,2024-03-31,229261.2
1353,Customer_1353,customer1353@mail.com,stored,Sorghum,2023-09-23,2023-12-13,38,950,81,34,3488.4,yes,55,52250,2023-12-13,48761.6
642,Customer_642,customer642@mail.com,storing,Sorghum,2024-06-08,2024-09-17,174,8700,101,44,25775.2,no,47,408900,2024-09-17,383124.8
1519,Customer_1519,customer1519@mail.com,storing,Millet,2023-12-23,2024-03-23,61,3050,91,35,6476.17,partial,38,115900,2024-03-23,109423.83
1771,Customer_1771,customer1771@mail.com,stored,Rice,2023-11-28,2024-05-11,108,5400,165,54,32076.0,yes,48,259200,2024-05-11,227124.0
1158,Customer_1158,customer1158@mail.com,storing,Millet,2023-08-05,2023-10-08,108,5400,64,45,10368.0,yes,33,178200,2023-10-08,167832.0
1049,Customer_1049,customer1049@mail.com,stored,Sorghum,2024-04-18,2024-06-24,64,3200,67,25,3573.33,yes,29,92800,2024-06-24,89226.67
1939,Customer_1939,customer1939@mail.com,stored,Millet,2023-11-18,2023-12-24,149,3725,36,40,7152.0,partial,32,0,2023-12-24,-7152.0
800,Customer_800,customer800@mail.com,sold,Barley,2023-11-18,2024-02-04,49,2450,78,54,6879.6,no,32,78400,2024-02-04,71520.4
968,Customer_968,customer968@mail.com,stored,Maize,2024-07-13,2024-12-03,34,850,143,35,5672.33,no,41,0,2024-12-03,-5672.33
1017,Customer_1017,customer1017@mail.com,stored,Wheat,2023-09-26,2024-02-25,29,1450,152,33,4848.8,partial,39,56550,2024-02-25,51701.2
1970,Customer_1970,customer1970@mail.com,sold,Sorghum,2024-01-27,2024-05-18,37,1850,112,50,6906.67,partial,36,66600,2024-05-18,59693.33
1767,Customer_1767,customer1767@mail.com,stored,Maize,2023-10-10,2024-01-21,191,9550,103,22,14426.87,partial,53,0,2024-01-21,-14426.87
418,Customer_418,customer418@mail.com,sold,Barley,2023-08-25,2024-01-02,200,10000,130,29,25133.33,no,40,400000,2024-01-02,374866.67
823,Customer_823,customer823@mail.com,storing,Sorghum,2023-02-18,2023-07-26,115,2875,158,38,23015.33,partial,42,0,2023-07-26,-23015.33
1383,Customer_1383,customer1383@mail.com,storing,Maize,2024-01-17,2024-06-22,57,1425,157,41,12230.3,partial,41,58425,2024-06-22,46194.7
1399,Customer_1399,customer1399@mail.com,storing,Sorghum,2024-07-31,2024-12-25,59,2950,147,28,8094.8,partial,42,0,2024-12-25,-8094.8
890,Customer_890,customer890@mail.com,sold,Wheat,2023-07-11,2024-01-04,117,2925,177,42,28992.6,yes,50,0,2024-01-04,-28992.6
750,Customer_750,customer750@mail.com,storing,Wheat,2023-08-26,2023-09-07,34,850,12,55,748.0,yes,35,29750,2023-09-07,29002.0
80,Customer_80,customer80@mail.com,stored,Millet,2024-05-26,2024-10-12,40,2000,139,37,6857.33,partial,31,62000,2024-10-12,55142.67
67,Customer_67,customer67@mail.com,sold,Sorghum,2024-06-02,2024-08-15,43,1075,74,41,4348.73,no,36,0,2024-08-15,-4348.73
811,Customer_811,customer811@mail.com,stored,Maize,2023-08-24,2023-11-23,114,2850,91,25,8645.0,partial,44,125400,2023-11-23,116755.0
1521,Customer_1521,customer1521@mail.com,storing,Sorghum,2023-02-19,2023-04-04,68,3400,44,58,5784.53,no,49,0,2023-04-04,-5784.53
593,Customer_593,customer593@mail.com,stored,Barley,2023-09-25,2023-12-26,142,3550,92,34,14805.87,yes,44,0,2023-12-26,-14805.87
1322,Customer_1322,customer1322@mail.com,storing,Wheat,2024-08-01,2024-09-17,125,6250,47,27,5287.5,yes,51,318750,2024-09-17,313462.5
1054,Customer_1054,customer1054@mail.com,stored,Rice,2024-01-04,2024-01-21,149,7450,17,32,2701.87,yes,47,350150,2024-01-21,347448.13
1128,Customer_1128,customer1128@mail.com,stored,Barley,2023-06-14,2023-07-13,22,550,29,50,1063.33,no,36,0,2023-07-13,-1063.33
635,Customer_635,customer635@mail.com,sold,Wheat,2024-05-31,2024-07-19,71,1775,49,22,2551.27,yes,50,88750,2024-07-19,86198.73
1387,Customer_1387,customer1387@mail.com,stored,Rice,2023-03-01,2023-07-18,184,4600,139,46,39216.53,partial,50,230000,2023-07-18,190783.47
1077,Customer_1077,customer1077@mail.com,sold,Sorghum,2023-11-08,2024-01-06,200,10000,59,47,18486.67,no,34,0,2024-01-06,-18486.67
315,Customer_315,customer315@mail.com,storing,Barley,2023-12-20,2024-02-29,149,3725,71,30,10579.0,yes,48,178800,2024-02-29,168221.0
1488,Customer_1488,customer1488@mail.com,stored,Sorghum,2023-12-10,2024-02-10,120,6000,62,57,14136.0,no,26,156000,2024-02-10,141864.0
888,Customer_888,customer888@mail.com,sold,Wheat,2023-05-27,2023-09-08,54,1350,104,21,3931.2,yes,32,43200,2023-09-08,39268.8
164,Customer_164,customer164@mail.com,storing,Maize,2023-12-03,2024-04-12,73,1825,131,55,17532.17,partial,32,0,2024-04-12,-17532.17
1720,Customer_1720,customer1720@mail.com,stored,Wheat,2024-05-21,2024-07-03,181,4525,43,25,6485.83,no,37,0,2024-07-03,-6485.83
456,Customer_456,customer456@mail.com,sold,Sorghum,2024-01-27,2024-07-15,100,5000,170,51,28900.0,yes,26,130000,2024-07-15,101100.0
300,Customer_300,customer300@mail.com,sold,Sorghum,2023-11-14,2023-12-30,32,1600,46,54,2649.6,no,36,0,2023-12-30,-2649.6
1388,Customer_1388,customer1388@mail.com,sold,Millet,2024-07-17,2024-10-15,18,450,90,35,1890.0,no,53,23850,2024-10-15,21960.0
233,Customer_233,customer233@mail.com,storing,Maize,2023-10-12,2024-01-11,143,3575,91,48,20820.8,no,40,143000,2024-01-11,122179.2
237,Customer_237,customer237@mail.com,stored,Sorghum,2023-10-28,2024-01-29,94,4700,93,38,11073.2,yes,27,0,2024-01-29,-11073.2
1507,Customer_1507,customer1507@mail.com,storing,Wheat,2024-01-10,2024-05-28,100,5000,139,23,10656.67,yes,30,150000,2024-05-28,139343.33
1395,Customer_1395,customer1395@mail.com,sold,Millet,2023-01-17,2023-04-12,14,700,85,34,1348.67,no,25,0,2023-04-12,-1348.67
604,Customer_604,customer604@mail.com,stored,Wheat,2024-01-17,2024-04-24,94,4700,98,34,10440.27,partial,53,249100,2024-04-24,238659.73
748,Customer_748,customer748@mail.com,sold,Wheat,2024-07-24,2024-12-22,107,5350,151,32,17234.13,partial,39,0,2024-12-22,-17234.13
1608,Customer_1608,customer1608@mail.com,storing,Rice,2023-10-04,2023-10-17,132,6600,13,51,2917.2,partial,41,270600,2023-10-17,267682.8
625,Customer_625,customer625@mail.com,storing,Barley,2024-07-10,2024-08-02,165,4125,23,39,4933.5,partial,46,0,2024-08-02,-4933.5
244,Customer_244,customer244@mail.com,storing,Millet,2023-10-24,2024-03-09,99,2475,137,36,16275.6,partial,45,0,2024-03-09,-16275.6
93,Customer_93,customer93@mail.com,storing,Sorghum,2023-06-29,2023-08-04,124,6200,36,51,7588.8,no,26,0,2023-08-04,-7588.8
928,Customer_928,customer928@mail.com,sold,Wheat,2023-04-15,2023-06-22,129,6450,68,37,10818.8,yes,40,258000,2023-06-22,247181.2
96,Customer_96,customer96@mail.com,sold,Wheat,2024-08-08,2024-09-15,40,2000,38,43,2178.67,partial,33,0,2024-09-15,-2178.67
1207,Customer_1207,customer1207@mail.com,storing,Rice,2024-01-19,2024-03-11,34,850,52,32,1885.87,partial,52,0,2024-03-11,-1885.87
1142,Customer_1142,customer1142@mail.com,stored,Millet,2023-10-13,2023-12-05,16,800,53,46,1300.27,no,48,38400,2023-12-05,37099.73
1088,Customer_1088,customer1088@mail.com,storing,Sorghum,2023-04-09,2023-05-28,136,3400,49,51,11328.8,yes,32,0,2023-05-28,-11328.8
65,Customer_65,customer65@mail.com,storing,Millet,2023-07-06,2023-12-14,54,2700,161,37,10722.6,yes,33,89100,2023-12-14,78377.4
343,Customer_343,customer343@mail.com,stored,Sorghum,2024-04-01,2024-05-03,189,4725,32,51,10281.6,partial,55,0,2024-05-03,-10281.6
295,Customer_295,customer295@mail.com,stored,Millet,2023-10-24,2024-01-04,95,2375,72,29,6612.0,no,33,0,2024-01-04,-6612.0
453,Customer_453,customer453@mail.com,stored,Rice,2023-10-30,2024-02-21,51,1275,114,57,11046.6,partial,38,0,2024-02-21,-11046.6
1175,Customer_1175,customer1175@mail.com,stored,Wheat,2024-01-05,2024-02-11,115,2875,37,34,4822.33,partial,28,80500,2024-02-11,75677.67
1013,Customer_1013,customer1013@mail.com,storing,Millet,2023-09-19,2023-10-22,191,4775,33,58,12185.8,no,44,0,2023-10-22,-12185.8
897,Customer_897,customer897@mail.com,sold,Maize,2023-09-24,2023-10-23,90,4500,29,45,3915.0,yes,51,0,2023-10-23,-3915.0
1941,Customer_1941,customer1941@mail.com,storing,Rice,2023-03-13,2023-06-18,173,4325,97,59,33002.63,no,53,229225,2023-06-18,196222.37
1128,Customer_1128,customer1128@mail.com,stored,Rice,2023-04-11,2023-04-29,114,2850,18,35,2394.0,yes,47,133950,2023-04-29,131556.0
1812,Customer_1812,customer1812@mail.com,sold,Maize,2023-12-04,2024-04-16,53,2650,134,55,13020.33,yes,52,0,2024-04-16,-13020.33
962,Customer_962,customer962@mail.com,stored,Barley,2024-02-03,2024-04-05,60,1500,62,36,4464.0,partial,34,51000,2024-04-05,46536.0
311,Customer_311,customer311@mail.com,sold,Millet,2023-05-31,2023-07-06,145,3625,36,58,10092.0,partial,50,181250,2023-07-06,171158.0
1085,Customer_1085,customer1085@mail.com,storing,Wheat,2024-08-03,2024-11-11,120,3000,100,49,19600.0,partial,28,0,2024-11-11,-19600.0
782,Customer_782,customer782@mail.com,stored,Sorghum,2023-01-18,2023-06-17,187,4675,150,42,39270.0,yes,51,0,2023-06-17,-39270.0
967,Customer_967,customer967@mail.com,storing,Millet,2024-04-11,2024-09-17,192,9600,159,38,38668.8,partial,41,0,2024-09-17,-38668.8
713,Customer_713,customer713@mail.com,sold,Wheat,2023-07-19,2024-01-01,129,6450,166,38,27124.4,yes,33,0,2024-01-01,-27124.4
817,Customer_817,customer817@mail.com,stored,Barley,2024-05-15,2024-11-07,116,2900,176,42,28582.4,no,33,95700,2024-11-07,67117.6
463,Customer_463,customer463@mail.com,stored,Maize,2024-01-28,2024-02-26,90,4500,29,45,3915.0,yes,28,0,2024-02-26,-3915.0
1506,Customer_1506,customer1506@mail.com,sold,Rice,2024-04-25,2024-05-07,19,950,12,51,387.6,no,54,51300,2024-05-07,50912.4
1158,Customer_1158,customer1158@mail.com,storing,Millet,2023-09-16,2023-11-11,162,8100,56,39,11793.6,no,28,0,2023-11-11,-11793.6
552,Customer_552,customer552@mail.com,stored,Barley,2023-03-11,2023-07-05,65,3250,116,51,12818.0,no,32,104000,2023-07-05,91182.0
1234,Customer_1234,customer1234@mail.com,sold,Sorghum,2023-02-26,2023-04-04,98,2450,37,48,5801.6,no,43,0,2023-04-04,-5801.6
1911,Customer_1911,customer1911@mail.com,stored,Barley,2024-03-11,2024-07-31,44,1100,142,44,9163.73,partial,34,37400,2024-07-31,28236.27
1679,Customer_1679,customer1679@mail.com,sold,Sorghum,2023-11-14,2024-04-24,92,2300,162,45,22356.0,yes,31,0,2024-04-24,-22356.0
412,Customer_412,customer412@mail.com,sold,Sorghum,2023-05-04,2023-06-21,174,8700,48,21,5846.4,no,42,0,2023-06-21,-5846.4
1442,Customer_1442,customer1442@mail.com,stored,Rice,2023-04-13,2023-09-05,99,2475,145,37,17704.5,no,35,0,2023-09-05,-17704.5
1097,Customer_1097,customer1097@mail.com,sold,Sorghum,2023-02-10,2023-04-19,37,925,68,43,3606.27,yes,48,0,2023-04-19,-3606.27
649,Customer_649,customer649@mail.com,stored,Sorghum,2023-05-20,2023-07-02,200,10000,43,36,10320.0,partial,55,0,2023-07-02,-10320.0
756,Customer_756,customer756@mail.com,stored,Rice,2023-07-23,2023-12-14,159,3975,144,46,35107.2,no,46,0,2023-12-14,-35107.2
1288,Customer_1288,customer1288@mail.com,storing,Wheat,2023-06-26,2023-11-03,127,6350,130,20,11006.67,yes,28,0,2023-11-03,-11006.67
797,Customer_797,customer797@mail.com,sold,Barley,2024-01-11,2024-02-25,193,4825,45,33,9553.5,no,48,231600,2024-02-25,222046.5
58,Customer_58,customer58@mail.com,stored,Wheat,2023-08-01,2023-09-23,148,3700,53,51,13334.8,partial,49,181300,2023-09-23,167965.2
961,Customer_961,customer961@mail.com,stored,Rice,2023-04-18,2023-09-09,181,4525,144,49,42571.2,no,37,167425,2023-09-09,124853.8
164,Customer_164,customer164@mail.com,sold,Barley,2024-04-01,2024-07-17,71,3550,107,30,7597.0,partial,51,181050,2024-07-17,173453.0
84,Customer_84,customer84@mail.com,storing,Sorghum,2024-04-11,2024-06-13,152,7600,63,27,8618.4,partial,48,364800,2024-06-13,356181.6
761,Customer_761,customer761@mail.com,storing,Barley,2024-06-21,2024-10-15,155,7750,116,43,25771.33,partial,45,348750,2024-10-15,322978.67
896,Customer_896,customer896@mail.com,storing,Sorghum,2024-05-18,2024-09-16,181,4525,121,25,18250.83,no,30,0,2024-09-16,-18250.83
817,Customer_817,customer817@mail.com,sold,Sorghum,2024-04-01,2024-04-12,149,3725,11,38,2076.07,yes,38,0,2024-04-12,-2076.07
257,Customer_257,customer257@mail.com,storing,Sorghum,2024-08-20,2024-12-31,127,3175,133,36,20269.2,partial,46,146050,2024-12-31,125780.8
980,Customer_980,customer980@mail.com,stored,Millet,2023-06-27,2023-08-03,76,3800,37,32,2999.47,yes,48,0,2023-08-03,-2999.47
1652,Customer_1652,customer1652@mail.com,sold,Millet,2024-01-17,2024-02-04,52,2600,18,52,1622.4,no,28,72800,2024-02-04,71177.6
818,Customer_818,customer818@mail.com,stored,Millet,2023-09-20,2024-02-05,51,2550,138,26,6099.6,no,38,0,2024-02-05,-6099.6
1248,Customer_1248,customer1248@mail.com,sold,Wheat,2024-04-30,2024-09-23,192,9600,146,27,25228.8,partial,41,0,2024-09-23,-25228.8
283,Customer_283,customer283@mail.com,sold,Wheat,2023-01-29,2023-05-13,114,5700,104,41,16203.2,yes,27,0,2023-05-13,-16203.2
1548,Customer_1548,customer1548@mail.com,stored,Maize,2023-03-20,2023-07-26,177,8850,128,42,31718.4,partial,47,0,2023-07-26,-31718.4
1050,Customer_1050,customer1050@mail.com,stored,Wheat,2024-01-26,2024-05-02,116,5800,97,37,13877.47,no,46,0,2024-05-02,-13877.47
565,Customer_565,customer565@mail.com,storing,Sorghum,2024-08-10,2024-12-19,149,3725,131,33,21470.9,no,36,134100,2024-12-19,112629.1
699,Customer_699,customer699@mail.com,storing,Sorghum,2023-10-30,2023-11-11,161,8050,12,34,2189.6,yes,48,0,2023-11-11,-2189.6
1247,Customer_1247,customer1247@mail.com,storing,Millet,2023-11-30,2024-04-21,52,1300,143,42,10410.4,no,43,0,2024-04-21,-10410.4
619,Customer_619,customer619@mail.com,storing,Maize,2023-11-09,2024-04-20,18,450,163,26,2542.8,partial,27,12150,2024-04-20,9607.2
682,Customer_682,customer682@mail.com,sold,Sorghum,2023-07-21,2023-08-05,110,5500,15,45,2475.0,no,31,170500,2023-08-05,168025.0
289,Customer_289,customer289@mail.com,sold,Barley,2023-09-01,2024-01-24,60,1500,145,49,14210.0,no,46,69000,2024-01-24,54790.0
1204,Customer_1204,customer1204@mail.com,sold,Maize,2024-04-09,2024-07-26,140,7000,108,56,28224.0,yes,44,308000,2024-07-26,279776.0
220,Customer_220,customer220@mail.com,stored,Rice,2023-06-23,2023-07-09,87,4350,16,48,2227.2,no,44,0,2023-07-09,-2227.2
1016,Customer_1016,customer1016@mail.com,stored,Barley,2024-01-30,2024-04-05,174,8700,66,60,22968.0,yes,29,252300,2024-04-05,229332.0
641,Customer_641,customer641@mail.com,stored,Maize,2023-11-09,2024-02-25,138,3450,108,24,11923.2,yes,54,0,2024-02-25,-11923.2
968,Customer_968,customer968@mail.com,stored,Wheat,2023-02-16,2023-08-04,94,2350,169,29,15356.47,yes,47,110450,2023-08-04,95093.53
1831,Customer_1831,customer1831@mail.com,sold,Maize,2023-01-02,2023-06-19,85,2125,168,59,28084.0,partial,38,0,2023-06-19,-28084.0
1155,Customer_1155,customer1155@mail.com,storing,Maize,2023-06-21,2023-10-11,48,2400,112,22,3942.4,no,41,98400,2023-10-11,94457.6
1457,Customer_1457,customer1457@mail.com,stored,Sorghum,2023-03-25,2023-08-02,38,1900,130,36,5928.0,partial,34,64600,2023-08-02,58672.0
1782,Customer_1782,customer1782@mail.com,sold,Maize,2023-10-18,2024-01-31,84,2100,105,25,7350.0,partial,53,0,2024-01-31,-7350.0
379,Customer_379,customer379@mail.com,storing,Millet,2024-02-29,2024-04-10,181,9050,41,32,7915.73,no,46,0,2024-04-10,-7915.73
1495,Customer_1495,customer1495@mail.com,sold,Maize,2024-02-13,2024-07-27,41,1025,165,20,4510.0,partial,30,30750,2024-07-27,26240.0
1575,Customer_1575,customer1575@mail.com,stored,Rice,2023-07-22,2023-09-11,65,1625,51,54,5967.0,no,36,58500,2023-09-11,52533.0
158,Customer_158,customer158@mail.com,stored,Barley,2023-04-17,2023-07-20,75,1875,94,53,12455.0,yes,38,71250,2023-07-20,58795.0
1124,Customer_1124,customer1124@mail.com,stored,Millet,2024-03-08,2024-03-31,108,2700,23,26,2152.8,partial,40,108000,2024-03-31,105847.2
708,Customer_708,customer708@mail.com,stored,Wheat,2024-02-25,2024-03-21,117,2925,25,38,3705.0,yes,53,155025,2024-03-21,151320.0
1924,Customer_1924,customer1924@mail.com,stored,Maize,2023-01-13,2023-01-23,173,8650,10,32,1845.33,no,53,458450,2023-01-23,456604.67
1444,Customer_1444,customer1444@mail.com,storing,Wheat,2023-03-19,2023-08-20,191,9550,154,60,58828.0,partial,40,382000,2023-08-20,323172.0
450,Customer_450,customer450@mail.com,stored,Sorghum,2023-02-02,2023-03-21,79,1975,47,33,4084.3,partial,45,88875,2023-03-21,84790.7
1603,Customer_1603,customer1603@mail.com,storing,Rice,2024-01-13,2024-01-27,174,4350,14,24,1948.8,no,50,0,2024-01-27,-1948.8
1861,Customer_1861,customer1861@mail.com,storing,Sorghum,2023-05-12,2023-11-08,73,3650,180,53,23214.0,yes,49,178850,2023-11-08,155636.0
1929,Customer_1929,customer1929@mail.com,storing,Wheat,2024-07-28,2024-09-21,77,3850,55,38,5364.33,partial,41,157850,2024-09-21,152485.67
12,Customer_12,customer12@mail.com,stored,Rice,2024-03-12,2024-07-25,79,1975,135,28,9954.0,yes,25,49375,2024-07-25,39421.0
1922,Customer_1922,customer1922@mail.com,sold,Sorghum,2023-06-02,2023-06-12,113,5650,10,45,1695.0,partial,36,203400,2023-06-12,201705.0
1926,Customer_1926,customer1926@mail.com,stored,Wheat,2023-04-16,2023-07-21,73,1825,96,38,8876.8,partial,34,62050,2023-07-21,53173.2
997,Customer_997,customer997@mail.com,sold,Maize,2023-03-12,2023-07-09,30,750,119,36,4284.0,no,45,0,2023-07-09,-4284.0
1782,Customer_1782,customer1782@mail.com,storing,Millet,2024-05-31,2024-11-10,125,6250,163,37,25129.17,partial,42,0,2024-11-10,-25129.17
1470,Customer_1470,customer1470@mail.com,sold,Barley,2024-06-01,2024-08-02,51,2550,62,25,2635.0,yes,40,102000,2024-08-02,99365.0
1784,Customer_1784,customer1784@mail.com,stored,Rice,2023-10-22,2023-11-25,10,250,34,48,544.0,no,30,0,2023-11-25,-544.0
156,Customer_156,customer156@mail.com,sold,Millet,2023-09-17,2023-11-17,20,1000,61,40,1626.67,no,47,47000,2023-11-17,45373.33
1113,Customer_1113,customer1113@mail.com,sold,Barley,2024-05-05,2024-08-16,146,7300,103,31,15539.27,partial,45,0,2024-08-16,-15539.27
1002,Customer_1002,customer1002@mail.com,sold,Barley,2023-07-02,2023-09-13,41,1025,73,22,2194.87,yes,28,0,2023-09-13,-2194.87
374,Customer_374,customer374@mail.com,sold,Barley,2024-05-24,2024-06-23,189,9450,30,49,9261.0,no,52,491400,2024-06-23,482139.0
778,Customer_778,customer778@mail.com,stored,Maize,2023-04-27,2023-10-11,20,1000,167,59,6568.67,partial,27,27000,2023-10-11,20431.33
494,Customer_494,customer494@mail.com,storing,Sorghum,2023-09-04,2023-09-18,77,3850,14,39,1401.4,no,26,0,2023-09-18,-1401.4
204,Customer_204,customer204@mail.com,stored,Sorghum,2024-08-07,2024-08-31,121,6050,24,30,2904.0,yes,30,0,2024-08-31,-2904.0
848,Customer_848,customer848@mail.com,stored,Rice,2023-03-01,2023-07-15,56,1400,136,47,11931.73,no,25,0,2023-07-15,-11931.73
584,Customer_584,customer584@mail.com,storing,Rice,2024-06-25,2024-08-11,22,550,47,50,1723.33,partial,29,0,2024-08-11,-1723.33
863,Customer_863,customer863@mail.com,stored,Millet,2024-08-03,2024-11-10,46,1150,99,54,8197.2,no,34,39100,2024-11-10,30902.8
1035,Customer_1035,customer1035@mail.com,storing,Wheat,2023-12-24,2024-02-02,141,7050,40,57,10716.0,no,38,267900,2024-02-02,257184.0
1553,Customer_1553,customer1553@mail.com,sold,Millet,2023-11-08,2023-12-22,157,7850,44,45,10362.0,partial,55,0,2023-12-22,-10362.0
1067,Customer_1067,customer1067@mail.com,storing,Rice,2024-06-06,2024-11-17,148,3700,164,55,44498.67,yes,55,0,2024-11-17,-44498.67
104,Customer_104,customer104@mail.com,sold,Rice,2024-02-29,2024-07-10,194,9700,132,27,23047.2,yes,54,523800,2024-07-10,500752.8
1496,Customer_1496,customer1496@mail.com,stored,Maize,2023-06-11,2023-11-08,29,1450,150,41,5945.0,partial,54,0,2023-11-08,-5945.0
1368,Customer_1368,customer1368@mail.com,sold,Rice,2023-04-09,2023-06-24,82,4100,76,36,7478.4,no,30,0,2023-06-24,-7478.4
18,Customer_18,customer18@mail.com,storing,Sorghum,2023-02-18,2023-05-01,89,4450,72,53,11320.8,partial,52,0,2023-05-01,-11320.8
1301,Customer_1301,customer1301@mail.com,stored,Wheat,2023-07-08,2023-10-29,81,4050,113,38,11593.8,no,27,0,2023-10-29,-11593.8
1716,Customer_1716,customer1716@mail.com,storing,Millet,2024-01-20,2024-06-30,24,600,162,41,5313.6,partial,52,31200,2024-06-30,25886.4
878,Customer_878,customer878@mail.com,stored,Rice,2023-07-04,2023-10-17,31,1550,105,35,3797.5,partial,44,68200,2023-10-17,64402.5
1319,Customer_1319,customer1319@mail.com,storing,Sorghum,2024-03-10,2024-04-01,177,4425,22,51,6619.8,no,51,0,2024-04-01,-6619.8
725,Customer_725,customer725@mail.com,storing,Millet,2023-01-19,2023-06-22,92,2300,154,20,9445.33,no,39,0,2023-06-22,-9445.33
620,Customer_620,customer620@mail.com,sold,Maize,2023-09-10,2023-11-06,88,4400,57,25,4180.0,yes,31,0,2023-11-06,-4180.0
1619,Customer_1619,customer1619@mail.com,sold,Millet,2024-03-28,2024-05-03,116,5800,36,59,8212.8,partial,27,0,2024-05-03,-8212.8
683,Customer_683,customer683@mail.com,storing,Wheat,2023-09-21,2023-11-13,65,3250,53,47,5397.17,partial,40,0,2023-11-13,-5397.17
1499,Customer_1499,customer1499@mail.com,sold,Rice,2023-09-22,2023-11-08,193,9650,47,25,7559.17,no,51,0,2023-11-08,-7559.17
430,Customer_430,customer430@mail.com,sold,Rice,2024-01-10,2024-04-29,61,1525,110,23,5144.33,no,25,38125,2024-04-29,32980.67
859,Customer_859,customer859@mail.com,storing,Sorghum,2023-05-14,2023-07-15,21,1050,62,45,1953.0,partial,47,0,2023-07-15,-1953.0
702,Customer_702,customer702@mail.com,storing,Barley,2024-02-05,2024-05-02,148,3700,87,43,18455.6,yes,55,0,2024-05-02,-18455.6
926,Customer_926,customer926@mail.com,storing,Barley,2024-07-02,2024-11-13,98,4900,134,51,22324.4,partial,25,122500,2024-11-13,100175.6
16,Customer_16,customer16@mail.com,sold,Millet,2023-06-06,2023-11-21,80,2000,168,37,16576.0,partial,54,108000,2023-11-21,91424.0
1813,Customer_1813,customer1813@mail.com,sold,Wheat,2023-11-22,2024-05-07,122,3050,167,31,21053.13,yes,50,152500,2024-05-07,131446.87
775,Customer_775,customer775@mail.com,storing,Rice,2023-03-17,2023-06-21,12,300,96,21,806.4,partial,26,0,2023-06-21,-806.4
1025,Customer_1025,customer1025@mail.com,sold,Millet,2023-04-13,2023-09-16,30,750,156,59,9204.0,no,46,34500,2023-09-16,25296.0
1738,Customer_1738,customer1738@mail.com,stored,Wheat,2023-08-29,2023-10-30,22,550,62,41,1864.13,yes,51,0,2023-10-30,-1864.13
1020,Customer_1020,customer1020@mail.com,storing,Millet,2023-11-14,2024-03-14,45,2250,121,35,6352.5,partial,41,92250,2024-03-14,85897.5
793,Customer_793,customer793@mail.com,sold,Rice,2024-06-27,2024-07-28,57,1425,31,48,2827.2,partial,30,42750,2024-07-28,39922.8
1065,Customer_1065,customer1065@mail.com,stored,Rice,2023-03-22,2023-07-23,129,6450,123,35,18511.5,yes,30,193500,2023-07-23,174988.5
1640,Customer_1640,customer1640@mail.com,stored,Rice,2023-07-04,2023-09-08,18,450,66,58,2296.8,no,41,0,2023-09-08,-2296.8
345,Customer_345,customer345@mail.com,stored,Barley,2024-07-21,2024-09-12,88,2200,53,38,5907.73,no,32,70400,2024-09-12,64492.27
1876,Customer_1876,customer1876@mail.com,stored,Barley,2024-01-02,2024-04-20,147,3675,109,47,25102.7,no,41,0,2024-04-20,-25102.7
1133,Customer_1133,customer1133@mail.com,sold,Wheat,2023-03-29,2023-06-29,145,3625,92,32,14229.33,partial,45,163125,2023-06-29,148895.67
743,Customer_743,customer743@mail.com,sold,Sorghum,2024-01-26,2024-02-20,11,275,25,26,238.33,partial,47,12925,2024-02-20,12686.67
266,Customer_266,customer266@mail.com,stored,Rice,2023-03-07,2023-06-28,130,6500,113,25,12241.67,no,54,351000,2023-06-28,338758.33
318,Customer_318,customer318@mail.com,storing,Maize,2023-01-24,2023-05-23,72,3600,119,52,14851.2,yes,26,0,2023-05-23,-14851.2
1208,Customer_1208,customer1208@mail.com,stored,Millet,2024-02-29,2024-08-16,10,250,169,27,1521.0,yes,36,0,2024-08-16,-1521.0
1468,Customer_1468,customer1468@mail.com,storing,Millet,2023-11-29,2024-03-01,139,3475,93,43,18528.7,yes,44,152900,2024-03-01,134371.3
750,Customer_750,customer750@mail.com,sold,Sorghum,2024-04-15,2024-06-23,144,3600,69,36,11923.2,yes,43,0,2024-06-23,-11923.2
1802,Customer_1802,customer1802@mail.com,sold,Millet,2024-05-10,2024-08-21,21,525,103,54,3893.4,no,44,0,2024-08-21,-3893.4
1484,Customer_1484,customer1484@mail.com,sold,Millet,2023-10-21,2024-04-08,23,575,170,31,4040.33,yes,28,0,2024-04-08,-4040.33
1443,Customer_1443,customer1443@mail.com,sold,Sorghum,2023-07-09,2023-10-23,15,375,106,45,2385.0,yes,27,10125,2023-10-23,7740.0
1329,Customer_1329,customer1329@mail.com,sold,Rice,2023-10-23,2024-04-16,200,5000,176,55,64533.33,no,31,0,2024-04-16,-64533.33
1668,Customer_1668,customer1668@mail.com,stored,Barley,2023-03-30,2023-09-01,99,2475,155,22,11253.0,partial,41,101475,2023-09-01,90222.0
1442,Customer_1442,customer1442@mail.com,stored,Sorghum,2023-04-23,2023-10-12,187,4675,172,50,53606.67,no,28,0,2023-10-12,-53606.67
85,Customer_85,customer85@mail.com,storing,Rice,2023-04-03,2023-04-28,164,8200,25,21,2870.0,yes,53,0,2023-04-28,-2870.0
1994,Customer_1994,customer1994@mail.com,sold,Maize,2023-08-09,2023-09-08,42,1050,30,46,1932.0,no,37,0,2023-09-08,-1932.0
1076,Customer_1076,customer1076@mail.com,sold,Sorghum,2024-02-21,2024-04-03,70,1750,42,34,3332.0,yes,38,66500,2024-04-03,63168.0
1722,Customer_1722,customer1722@mail.com,storing,Wheat,2024-04-19,2024-06-02,112,5600,44,38,6242.13,no,47,0,2024-06-02,-6242.13
509,Customer_509,customer509@mail.com,storing,Barley,2023-06-02,2023-07-31,154,7700,59,59,17869.13,no,40,308000,2023-07-31,290130.87
1583,Customer_1583,customer1583@mail.com,sold,Wheat,2024-04-04,2024-09-26,147,7350,175,53,45447.5,yes,46,338100,2024-09-26,292652.5
1719,Customer_1719,customer1719@mail.com,sold,Sorghum,2023-05-19,2023-10-16,98,2450,150,54,26460.0,no,55,0,2023-10-16,-26460.0
507,Customer_507,customer507@mail.com,stored,Barley,2024-02-12,2024-04-09,146,7300,57,33,9154.2,yes,25,182500,2024-04-09,173345.8
870,Customer_870,customer870@mail.com,stored,Millet,2023-01-10,2023-04-27,89,4450,107,34,10792.73,no,39,0,2023-04-27,-10792.73
769,Customer_769,customer769@mail.com,sold,Millet,2023-10-26,2023-12-27,131,6550,62,48,12995.2,partial,39,0,2023-12-27,-12995.2
317,Customer_317,customer317@mail.com,stored,Maize,2024-04-26,2024-08-26,187,9350,122,43,32700.07,no,48,0,2024-08-26,-32700.07
566,Customer_566,customer566@mail.com,storing,Barley,2024-07-17,2024-10-10,84,4200,85,55,13090.0,no,44,184800,2024-10-10,171710.0
582,Customer_582,customer582@mail.com,storing,Rice,2023-07-29,2023-11-13,19,950,107,45,3049.5,partial,34,0,2023-11-13,-3049.5
435,Customer_435,customer435@mail.com,storing,Barley,2024-03-16,2024-08-27,57,2850,164,53,16514.8,partial,55,0,2024-08-27,-16514.8
1710,Customer_1710,customer1710@mail.com,stored,Wheat,2024-08-18,2024-12-18,108,5400,122,37,16250.4,partial,47,0,2024-12-18,-16250.4
257,Customer_257,customer257@mail.com,sold,Sorghum,2024-05-29,2024-07-30,123,6150,62,41,10422.2,partial,36,221400,2024-07-30,210977.8
1456,Customer_1456,customer1456@mail.com,stored,Millet,2023-06-27,2023-10-23,64,3200,118,30,7552.0,yes,53,169600,2023-10-23,162048.0
701,Customer_701,customer701@mail.com,sold,Barley,2024-07-14,2024-09-07,191,9550,55,29,10154.83,no,31,0,2024-09-07,-10154.83
1037,Customer_1037,customer1037@mail.com,sold,Wheat,2024-06-10,2024-08-27,16,400,78,49,2038.4,partial,28,0,2024-08-27,-2038.4
594,Customer_594,customer594@mail.com,stored,Maize,2023-07-31,2023-09-14,31,1550,45,54,2511.0,no,55,85250,2023-09-14,82739.0
1058,Customer_1058,customer1058@mail.com,storing,Maize,2023-12-30,2024-01-12,104,5200,13,22,991.47,no,39,0,2024-01-12,-991.47
385,Customer_385,customer385@mail.com,storing,Wheat,2023-11-19,2024-03-13,126,3150,115,23,11109.0,no,52,163800,2024-03-13,152691.0
511,Customer_511,customer511@mail.com,storing,Sorghum,2024-03-01,2024-04-09,97,4850,39,28,3530.8,no,49,0,2024-04-09,-3530.8
361,Customer_361,customer361@mail.com,stored,Millet,2024-04-14,2024-05-24,41,1025,40,54,2952.0,yes,43,0,2024-05-24,-2952.0
1000,Customer_1000,customer1000@mail.com,storing,Barley,2024-05-05,2024-08-07,136,6800,94,35,14914.67,yes,33,0,2024-08-07,-14914.67
1709,Customer_1709,customer1709@mail.com,stored,Barley,2023-01-19,2023-02-01,85,4250,13,25,920.83,no,49,0,2023-02-01,-920.83
686,Customer_686,customer686@mail.com,storing,Rice,2023-07-02,2023-12-25,36,1800,176,55,11616.0,yes,53,95400,2023-12-25,83784.0
1666,Customer_1666,customer1666@mail.com,sold,Millet,2024-06-04,2024-09-03,35,875,91,44,4671.33,partial,32,28000,2024-09-03,23328.67
1537,Customer_1537,customer1537@mail.com,storing,Wheat,2023-05-18,2023-08-19,93,4650,93,40,11532.0,partial,38,176700,2023-08-19,165168.0
331,Customer_331,customer331@mail.com,stored,Maize,2023-05-20,2023-10-31,143,7150,164,33,25797.2,no,31,0,2023-10-31,-25797.2
501,Customer_501,customer501@mail.com,stored,Wheat,2023-04-09,2023-07-11,155,7750,93,37,17778.5,no,25,193750,2023-07-11,175971.5
1496,Customer_1496,customer1496@mail.com,stored,Wheat,2024-03-03,2024-08-03,165,8250,153,46,38709.0,partial,36,297000,2024-08-03,258291.0
433,Customer_433,customer433@mail.com,sold,Barley,2024-01-12,2024-02-24,38,1900,43,44,2396.53,no,51,0,2024-02-24,-2396.53
28,Customer_28,customer28@mail.com,sold,Rice,2023-06-17,2023-09-26,146,7300,101,52,25559.73,no,46,335800,2023-09-26,310240.27
1824,Customer_1824,customer1824@mail.com,stored,Millet,2023-11-17,2024-04-07,185,4625,142,54,47286.0,yes,37,0,2024-04-07,-47286.0
692,Customer_692,customer692@mail.com,storing,Wheat,2024-05-26,2024-09-08,36,1800,105,51,6426.0,no,40,0,2024-09-08,-6426.0
337,Customer_337,customer337@mail.com,sold,Millet,2023-04-02,2023-04-23,174,4350,21,59,7186.2,partial,39,169650,2023-04-23,162463.8
1360,Customer_1360,customer1360@mail.com,stored,Rice,2024-05-26,2024-08-29,155,3875,95,52,25523.33,partial,30,116250,2024-08-29,90726.67
1331,Customer_1331,customer1331@mail.com,storing,Rice,2023-03-16,2023-05-06,171,4275,51,43,12500.1,yes,26,111150,2023-05-06,98649.9
969,Customer_969,customer969@mail.com,stored,Barley,2024-07-14,2024-12-03,22,550,142,47,4894.27,partial,37,20350,2024-12-03,15455.73
1433,Customer_1433,customer1433@mail.com,sold,Sorghum,2023-09-03,2023-12-11,68,1700,99,23,5161.2,no,27,0,2023-12-11,-5161.2
409,Customer_409,customer409@mail.com,sold,Barley,2023-03-18,2023-08-31,92,4600,166,36,18326.4,yes,46,211600,2023-08-31,193273.6
1558,Customer_1558,customer1558@mail.com,storing,Barley,2024-08-14,2024-10-24,59,2950,71,29,4049.37,no,49,0,2024-10-24,-4049.37
918,Customer_918,customer918@mail.com,sold,Sorghum,2024-05-01,2024-06-02,92,2300,32,22,2158.93,yes,40,0,2024-06-02,-2158.93
493,Customer_493,customer493@mail.com,sold,Wheat,2023-11-05,2024-05-03,97,4850,180,37,21534.0,no,52,252200,2024-05-03,230666.0
1036,Customer_1036,customer1036@mail.com,storing,Maize,2023-01-03,2023-02-04,101,5050,32,49,5278.93,no,50,0,2023-02-04,-5278.93
1849,Customer_1849,customer1849@mail.com,stored,Maize,2023-04-04,2023-05-03,186,9300,29,33,5933.4,yes,51,474300,2023-05-03,468366.6
1010,Customer_1010,customer1010@mail.com,sold,Millet,2024-07-16,2024-08-16,134,6700,31,33,4569.4,yes,49,328300,2024-08-16,323730.6
1468,Customer_1468,customer1468@mail.com,sold,Sorghum,2024-01-29,2024-04-24,174,8700,86,48,23942.4,yes,33,0,2024-04-24,-23942.4
1425,Customer_1425,customer1425@mail.com,sold,Millet,2023-01-19,2023-05-23,132,6600,124,29,15822.4,yes,31,0,2023-05-23,-15822.4
1228,Customer_1228,customer1228@mail.com,storing,Barley,2023-07-31,2023-10-05,109,2725,66,20,4796.0,partial,25,68125,2023-10-05,63329.0
1561,Customer_1561,customer1561@mail.com,storing,Barley,2024-02-27,2024-06-04,36,1800,98,58,6820.8,no,51,0,2024-06-04,-6820.8
1079,Customer_1079,customer1079@mail.com,sold,Wheat,2023-12-27,2024-05-06,44,2200,131,56,10759.47,yes,28,61600,2024-05-06,50840.53
424,Customer_424,customer424@mail.com,storing,Rice,2023-06-14,2023-08-25,60,1500,72,22,3168.0,no,29,0,2023-08-25,-3168.0
1652,Customer_1652,customer1652@mail.com,storing,Sorghum,2023-09-21,2024-02-28,129,3225,160,51,35088.0,partial,25,0,2024-02-28,-35088.0
368,Customer_368,customer368@mail.com,sold,Rice,2024-08-06,2025-01-11,97,2425,158,45,22989.0,no,26,63050,2025-01-11,40061.0
222,Customer_222,customer222@mail.com,storing,Barley,2023-06-02,2023-07-30,26,1300,58,52,2613.87,no,38,49400,2023-07-30,46786.13
1501,Customer_1501,customer1501@mail.com,storing,Millet,2024-08-22,2024-12-23,174,4350,123,57,40663.8,no,37,0,2024-12-23,-40663.8
1198,Customer_1198,customer1198@mail.com,stored,Wheat,2023-06-11,2023-07-28,162,8100,47,23,5837.4,no,27,218700,2023-07-28,212862.6
1229,Customer_1229,customer1229@mail.com,storing,Barley,2024-03-26,2024-08-05,45,1125,132,42,8316.0,yes,32,36000,2024-08-05,27684.0
1034,Customer_1034,customer1034@mail.com,sold,Barley,2023-01-05,2023-04-10,122,3050,95,23,8885.67,yes,48,146400,2023-04-10,137514.33
777,Customer_777,customer777@mail.com,sold,Barley,2024-06-08,2024-11-29,30,1500,174,59,10266.0,yes,45,67500,2024-11-29,57234.0
845,Customer_845,customer845@mail.com,sold,Maize,2023-10-22,2023-12-30,14,700,69,35,1127.0,partial,39,0,2023-12-30,-1127.0
658,Customer_658,customer658@mail.com,sold,Wheat,2023-12-26,2024-01-27,39,1950,32,27,1123.2,no,47,91650,2024-01-27,90526.8
1348,Customer_1348,customer1348@mail.com,stored,Maize,2023-02-28,2023-05-11,173,8650,72,53,22005.6,no,31,0,2023-05-11,-22005.6
541,Customer_541,customer541@mail.com,sold,Wheat,2023-07-29,2023-12-03,33,825,127,50,6985.0,yes,29,0,2023-12-03,-6985.0
110,Customer_110,customer110@mail.com,sold,Millet,2023-07-26,2023-11-08,61,3050,105,55,11742.5,yes,36,0,2023-11-08,-11742.5
384,Customer_384,customer384@mail.com,stored,Millet,2024-01-06,2024-06-13,121,6050,159,56,35912.8,partial,34,205700,2024-06-13,169787.2
1869,Customer_1869,customer1869@mail.com,stored,Millet,2023-11-19,2024-01-01,129,3225,43,36,6656.4,no,52,167700,2024-01-01,161043.6
308,Customer_308,customer308@mail.com,sold,Rice,2024-02-22,2024-03-26,151,3775,33,56,9301.6,partial,55,207625,2024-03-26,198323.4
1781,Customer_1781,customer1781@mail.com,storing,Barley,2023-07-21,2023-12-27,78,1950,159,32,13228.8,partial,54,0,2023-12-27,-13228.8
391,Customer_391,customer391@mail.com,sold,Maize,2023-08-24,2023-09-11,76,1900,18,23,1048.8,no,49,93100,2023-09-11,92051.2
278,Customer_278,customer278@mail.com,storing,Millet,2024-02-22,2024-05-05,151,7550,73,43,15799.63,partial,49,0,2024-05-05,-15799.63
666,Customer_666,customer666@mail.com,sold,Barley,2024-01-26,2024-05-21,76,3800,116,32,9403.73,partial,45,171000,2024-05-21,161596.27
1201,Customer_1201,customer1201@mail.com,sold,Sorghum,2024-08-21,2024-09-15,101,5050,25,20,1683.33,yes,27,0,2024-09-15,-1683.33
465,Customer_465,customer465@mail.com,sold,Barley,2023-09-27,2023-10-20,58,2900,23,22,978.27,partial,36,104400,2023-10-20,103421.73
118,Customer_118,customer118@mail.com,sold,Millet,2024-01-29,2024-07-26,158,3950,179,59,55621.27,yes,35,0,2024-07-26,-55621.27
241,Customer_241,customer241@mail.com,storing,Sorghum,2024-02-15,2024-07-01,79,3950,137,20,7215.33,yes,34,134300,2024-07-01,127084.67
1696,Customer_1696,customer1696@mail.com,sold,Millet,2024-02-12,2024-07-17,118,5900,156,53,32520.8,partial,36,0,2024-07-17,-32520.8
1045,Customer_1045,customer1045@mail.com,sold,Millet,2024-02-29,2024-05-10,182,9100,71,41,17660.07,no,27,245700,2024-05-10,228039.93
1201,Customer_1201,customer1201@mail.com,stored,Sorghum,2023-11-09,2023-12-10,53,2650,31,58,3176.47,no,42,0,2023-12-10,-3176.47
596,Customer_596,customer596@mail.com,sold,Wheat,2024-07-15,2024-08-24,173,4325,40,38,8765.33,partial,41,0,2024-08-24,-8765.33
1419,Customer_1419,customer1419@mail.com,stored,Barley,2023-05-23,2023-10-18,91,4550,148,45,20202.0,no,34,0,2023-10-18,-20202.0
611,Customer_611,customer611@mail.com,storing,Sorghum,2023-05-01,2023-08-24,71,3550,115,54,14697.0,no,37,0,2023-08-24,-14697.0
1002,Customer_1002,customer1002@mail.com,storing,Maize,2023-12-01,2024-04-24,63,3150,145,45,13702.5,yes,27,0,2024-04-24,-13702.5
1971,Customer_1971,customer1971@mail.com,stored,Sorghum,2024-05-27,2024-11-03,101,2525,160,38,20469.33,yes,40,0,2024-11-03,-20469.33
1211,Customer_1211,customer1211@mail.com,stored,Wheat,2023-10-11,2024-01-27,54,1350,108,53,10303.2,no,51,0,2024-01-27,-10303.2
1224,Customer_1224,customer1224@mail.com,storing,Rice,2024-02-29,2024-05-14,168,8400,75,34,14280.0,no,32,268800,2024-05-14,254520.0
213,Customer_213,customer213@mail.com,storing,Maize,2023-01-15,2023-03-15,145,3625,59,48,13688.0,yes,38,137750,2023-03-15,124062.0
1278,Customer_1278,customer1278@mail.com,sold,Wheat,2024-02-25,2024-05-25,142,7100,90,54,23004.0,partial,35,248500,2024-05-25,225496.0
1064,Customer_1064,customer1064@mail.com,sold,Wheat,2023-02-07,2023-06-16,159,3975,129,30,20511.0,yes,25,0,2023-06-16,-20511.0
672,Customer_672,customer672@mail.com,stored,Wheat,2023-10-05,2023-10-21,54,2700,16,58,1670.4,partial,46,0,2023-10-21,-1670.4
691,Customer_691,customer691@mail.com,sold,Barley,2024-07-09,2024-12-24,164,8200,168,37,33980.8,partial,40,328000,2024-12-24,294019.2
1178,Customer_1178,customer1178@mail.com,stored,Maize,2023-05-04,2023-09-27,136,6800,146,20,13237.33,partial,27,0,2023-09-27,-13237.33
84,Customer_84,customer84@mail.com,stored,Rice,2024-05-17,2024-08-01,99,4950,76,45,11286.0,yes,28,0,2024-08-01,-11286.0
1849,Customer_1849,customer1849@mail.com,sold,Maize,2023-08-22,2023-10-04,36,1800,43,41,2115.6,partial,38,0,2023-10-04,-2115.6
462,Customer_462,customer462@mail.com,sold,Sorghum,2023-12-02,2024-05-04,107,5350,154,30,16478.0,no,38,0,2024-05-04,-16478.0
235,Customer_235,customer235@mail.com,stored,Sorghum,2023-06-09,2023-12-06,124,6200,180,59,43896.0,no,46,0,2023-12-06,-43896.0
1082,Customer_1082,customer1082@mail.com,storing,Wheat,2023-01-26,2023-02-05,85,2125,10,44,1246.67,partial,27,57375,2023-02-05,56128.33
1795,Customer_1795,customer1795@mail.com,storing,Sorghum,2024-04-04,2024-08-18,74,1850,136,41,13754.13,partial,45,0,2024-08-18,-13754.13
697,Customer_697,customer697@mail.com,sold,Rice,2024-05-09,2024-09-18,126,3150,132,39,21621.6,yes,50,157500,2024-09-18,135878.4
4,Customer_4,customer4@mail.com,stored,Maize,2024-08-11,2025-01-20,21,525,162,59,6690.6,no,42,0,2025-01-20,-6690.6
1556,Customer_1556,customer1556@mail.com,sold,Wheat,2023-10-23,2024-03-30,104,2600,159,45,24804.0,yes,31,0,2024-03-30,-24804.0
648,Customer_648,customer648@mail.com,storing,Maize,2024-06-20,2024-09-07,103,2575,79,34,9221.93,partial,49,0,2024-09-07,-9221.93
1602,Customer_1602,customer1602@mail.com,sold,Barley,2024-03-27,2024-07-07,116,5800,102,28,11043.2,yes,26,150800,2024-07-07,139756.8
1344,Customer_1344,customer1344@mail.com,storing,Sorghum,2023-10-27,2023-12-24,135,6750,58,26,6786.0,no,33,0,2023-12-24,-6786.0
475,Customer_475,customer475@mail.com,storing,Maize,2024-02-02,2024-07-15,81,2025,164,47,20811.6,no,46,0,2024-07-15,-20811.6
823,Customer_823,customer823@mail.com,storing,Maize,2024-05-04,2024-10-09,189,4725,158,34,33843.6,yes,38,0,2024-10-09,-33843.6
1978,Customer_1978,customer1978@mail.com,sold,Wheat,2024-05-23,2024-11-06,17,425,167,55,5204.83,no,27,11475,2024-11-06,6270.17
313,Customer_313,customer313@mail.com,stored,Barley,2023-09-18,2023-12-17,136,3400,90,50,20400.0,no,39,0,2023-12-17,-20400.0
1881,Customer_1881,customer1881@mail.com,sold,Wheat,2024-04-12,2024-05-21,163,4075,39,48,10171.2,no,41,0,2024-05-21,-10171.2
1350,Customer_1350,customer1350@mail.com,stored,Maize,2023-12-14,2024-01-31,15,375,48,39,936.0,yes,55,0,2024-01-31,-936.0
228,Customer_228,customer228@mail.com,sold,Maize,2023-12-23,2024-02-29,125,6250,68,24,6800.0,no,25,0,2024-02-29,-6800.0
1673,Customer_1673,customer1673@mail.com,storing,Sorghum,2024-08-14,2024-10-13,92,2300,60,34,6256.0,yes,28,64400,2024-10-13,58144.0
1485,Customer_1485,customer1485@mail.com,sold,Maize,2024-05-06,2024-08-24,133,3325,110,53,25846.33,no,32,106400,2024-08-24,80553.67
73,Customer_73,customer73@mail.com,sold,Barley,2023-10-04,2024-03-24,30,750,172,41,7052.0,partial,27,0,2024-03-24,-7052.0
504,Customer_504,customer504@mail.com,stored,Maize,2023-08-28,2023-11-17,159,7950,81,52,22323.6,no,29,0,2023-11-17,-22323.6
956,Customer_956,customer956@mail.com,stored,Barley,2023-07-15,2023-12-17,96,4800,155,60,29760.0,no,38,182400,2023-12-17,152640.0
197,Customer_197,customer197@mail.com,sold,Wheat,2024-08-23,2024-10-22,66,3300,60,55,7260.0,partial,33,108900,2024-10-22,101640.0
1597,Customer_1597,customer1597@mail.com,storing,Rice,2023-12-04,2024-04-30,108,2700,148,48,25574.4,yes,35,94500,2024-04-30,68925.6
1414,Customer_1414,customer1414@mail.com,stored,Wheat,2024-06-01,2024-07-21,53,2650,50,25,2208.33,yes,27,0,2024-07-21,-2208.33
775,Customer_775,customer775@mail.com,stored,Maize,2024-05-13,2024-06-04,196,9800,22,40,5749.33,no,55,539000,2024-06-04,533250.67
1832,Customer_1832,customer1832@mail.com,stored,Barley,2024-04-17,2024-06-15,100,2500,59,51,10030.0,no,53,132500,2024-06-15,122470.0
781,Customer_781,customer781@mail.com,stored,Wheat,2023-08-14,2023-12-08,121,3025,116,45,21054.0,no,53,160325,2023-12-08,139271.0
802,Customer_802,customer802@mail.com,sold,Rice,2023-10-03,2023-10-17,135,6750,14,25,1575.0,yes,50,0,2023-10-17,-1575.0
1155,Customer_1155,customer1155@mail.com,stored,Wheat,2024-07-14,2024-09-03,111,5550,51,30,5661.0,yes,33,0,2024-09-03,-5661.0
410,Customer_410,customer410@mail.com,sold,Sorghum,2023-11-02,2024-02-24,170,8500,114,36,23256.0,yes,50,425000,2024-02-24,401744.0
1707,Customer_1707,customer1707@mail.com,stored,Maize,2023-05-23,2023-07-27,143,3575,65,27,8365.5,partial,55,0,2023-07-27,-8365.5
1292,Customer_1292,customer1292@mail.com,sold,Barley,2023-06-14,2023-10-06,154,7700,114,22,12874.4,partial,49,0,2023-10-06,-12874.4
1656,Customer_1656,customer1656@mail.com,sold,Millet,2023-12-24,2024-02-04,57,2850,42,60,4788.0,yes,50,0,2024-02-04,-4788.0
1708,Customer_1708,customer1708@mail.com,sold,Barley,2024-05-11,2024-07-30,165,4125,80,54,23760.0,partial,38,156750,2024-07-30,132990.0
1951,Customer_1951,customer1951@mail.com,stored,Rice,2024-01-01,2024-04-12,72,3600,102,35,8568.0,partial,52,187200,2024-04-12,178632.0
879,Customer_879,customer879@mail.com,storing,Rice,2024-04-02,2024-06-04,71,1775,63,52,7753.2,no,39,69225,2024-06-04,61471.8
1865,Customer_1865,customer1865@mail.com,stored,Millet,2024-07-29,2024-12-06,107,5350,130,57,26429.0,yes,25,0,2024-12-06,-26429.0
1384,Customer_1384,customer1384@mail.com,sold,Sorghum,2023-05-20,2023-09-09,168,4200,112,34,21324.8,no,31,0,2023-09-09,-21324.8
196,Customer_196,customer196@mail.com,stored,Barley,2024-03-17,2024-04-01,181,9050,15,55,4977.5,no,45,0,2024-04-01,-4977.5
1082,Customer_1082,customer1082@mail.com,storing,Maize,2024-02-27,2024-08-08,53,1325,163,22,6335.27,yes,43,56975,2024-08-08,50639.73
1918,Customer_1918,customer1918@mail.com,sold,Rice,2023-09-08,2023-10-05,98,4900,27,45,3969.0,partial,45,0,2023-10-05,-3969.0
1190,Customer_1190,customer1190@mail.com,storing,Wheat,2024-05-27,2024-08-30,166,8300,95,53,27860.33,yes,27,0,2024-08-30,-27860.33
1804,Customer_1804,customer1804@mail.com,stored,Rice,2023-12-03,2024-02-09,156,7800,68,38,13436.8,no,47,366600,2024-02-09,353163.2
1433,Customer_1433,customer1433@mail.com,sold,Barley,2023-05-03,2023-08-18,100,5000,107,44,15693.33,yes,29,0,2023-08-18,-15693.33
144,Customer_144,customer144@mail.com,storing,Wheat,2023-05-07,2023-08-03,108,5400,88,51,16156.8,no,51,0,2023-08-03,-16156.8
694,Customer_694,customer694@mail.com,storing,Millet,2023-10-10,2023-11-12,83,4150,33,20,1826.0,partial,44,0,2023-11-12,-1826.0
1376,Customer_1376,customer1376@mail.com,storing,Barley,2024-02-12,2024-03-04,37,925,21,49,1269.1,yes,47,43475,2024-03-04,42205.9
1477,Customer_1477,customer1477@mail.com,storing,Sorghum,2024-01-23,2024-03-17,51,2550,54,47,4314.6,yes,55,140250,2024-03-17,135935.4
1362,Customer_1362,customer1362@mail.com,storing,Rice,2024-07-24,2024-11-28,150,7500,127,58,36830.0,partial,41,0,2024-11-28,-36830.0
382,Customer_382,customer382@mail.com,sold,Rice,2023-03-29,2023-04-10,118,5900,12,52,2454.4,no,35,0,2023-04-10,-2454.4
1835,Customer_1835,customer1835@mail.com,sold,Sorghum,2024-07-23,2024-09-30,154,7700,69,53,18772.6,partial,31,0,2024-09-30,-18772.6
868,Customer_868,customer868@mail.com,storing,Millet,2024-04-22,2024-10-09,68,1700,170,43,16569.33,partial,36,61200,2024-10-09,44630.67
995,Customer_995,customer995@mail.com,storing,Maize,2023-06-04,2023-11-13,89,2225,162,49,23549.4,no,26,0,2023-11-13,-23549.4
664,Customer_664,customer664@mail.com,storing,Rice,2024-04-10,2024-05-12,75,3750,32,40,3200.0,partial,35,131250,2024-05-12,128050.0
1336,Customer_1336,customer1336@mail.com,storing,Barley,2023-06-10,2023-11-19,45,1125,162,55,13365.0,yes,42,0,2023-11-19,-13365.0
670,Customer_670,customer670@mail.com,sold,Sorghum,2024-02-05,2024-07-24,85,4250,170,22,10596.67,partial,34,0,2024-07-24,-10596.67
1054,Customer_1054,customer1054@mail.com,stored,Rice,2024-06-05,2024-09-02,181,4525,89,37,19867.77,yes,53,0,2024-09-02,-19867.77
663,Customer_663,customer663@mail.com,sold,Barley,2023-09-22,2023-10-25,195,9750,33,23,4933.5,no,42,409500,2023-10-25,404566.5
131,Customer_131,customer131@mail.com,sold,Rice,2023-04-19,2023-08-29,126,6300,132,23,12751.2,no,34,0,2023-08-29,-12751.2
1329,Customer_1329,customer1329@mail.com,storing,Maize,2024-08-12,2025-01-14,92,4600,155,56,26618.67,partial,51,234600,2025-01-14,207981.33
1869,Customer_1869,customer1869@mail.com,storing,Maize,2024-03-07,2024-04-05,21,1050,29,54,1096.2,no,29,0,2024-04-05,-1096.2
1884,Customer_1884,customer1884@mail.com,sold,Maize,2024-05-12,2024-09-26,150,7500,137,26,17810.0,partial,36,270000,2024-09-26,252190.0
1246,Customer_1246,customer1246@mail.com,storing,Rice,2023-04-04,2023-09-05,36,900,154,49,9055.2,no,47,0,2023-09-05,-9055.2
237,Customer_237,customer237@mail.com,storing,Barley,2023-10-14,2024-01-26,137,6850,104,36,17097.6,no,45,308250,2024-01-26,291152.4
1251,Customer_1251,customer1251@mail.com,sold,Millet,2024-07-22,2024-11-06,101,5050,107,40,14409.33,yes,40,202000,2024-11-06,187590.67
117,Customer_117,customer117@mail.com,sold,Sorghum,2024-07-23,2024-10-18,176,4400,87,38,19395.2,partial,33,145200,2024-10-18,125804.8
1737,Customer_1737,customer1737@mail.com,storing,Millet,2023-12-19,2024-01-30,139,3475,42,43,8367.8,partial,32,0,2024-01-30,-8367.8
1237,Customer_1237,customer1237@mail.com,sold,Wheat,2024-07-14,2024-11-14,130,6500,123,55,29315.0,yes,32,0,2024-11-14,-29315.0
546,Customer_546,customer546@mail.com,storing,Barley,2023-01-10,2023-06-26,188,4700,167,35,36628.67,no,42,197400,2023-06-26,160771.33
225,Customer_225,customer225@mail.com,stored,Maize,2023-02-03,2023-05-17,100,5000,103,60,20600.0,partial,53,265000,2023-05-17,244400.0
1129,Customer_1129,customer1129@mail.com,sold,Rice,2024-03-15,2024-08-11,109,2725,149,43,23278.77,partial,54,0,2024-08-11,-23278.77
1273,Customer_1273,customer1273@mail.com,sold,Millet,2023-01-25,2023-06-13,50,2500,139,55,12741.67,yes,40,0,2023-06-13,-12741.67
1267,Customer_1267,customer1267@mail.com,stored,Sorghum,2024-07-22,2024-12-28,175,4375,159,46,42665.0,no,39,170625,2024-12-28,127960.0
1203,Customer_1203,customer1203@mail.com,storing,Millet,2023-09-13,2024-01-23,140,3500,132,50,30800.0,no,54,0,2024-01-23,-30800.0
1923,Customer_1923,customer1923@mail.com,storing,Barley,2023-07-21,2023-12-21,167,8350,153,45,38326.5,no,55,459250,2023-12-21,420923.5
1322,Customer_1322,customer1322@mail.com,sold,Millet,2023-11-02,2023-12-23,64,1600,51,59,6419.2,yes,40,0,2023-12-23,-6419.2
1251,Customer_1251,customer1251@mail.com,sold,Maize,2024-01-29,2024-04-27,72,1800,89,51,10893.6,partial,40,72000,2024-04-27,61106.4
939,Customer_939,customer939@mail.com,stored,Rice,2023-10-14,2024-02-02,54,1350,111,32,6393.6,yes,30,40500,2024-02-02,34106.4
1681,Customer_1681,customer1681@mail.com,stored,Rice,2024-06-02,2024-10-11,102,2550,131,42,18706.8,yes,49,124950,2024-10-11,106243.2
1610,Customer_1610,customer1610@mail.com,stored,Wheat,2024-03-23,2024-06-05,102,5100,74,35,8806.0,no,36,0,2024-06-05,-8806.0
680,Customer_680,customer680@mail.com,storing,Maize,2024-08-05,2024-08-18,78,3900,13,33,1115.4,yes,44,171600,2024-08-18,170484.6
1565,Customer_1565,customer1565@mail.com,stored,Barley,2024-07-28,2024-09-17,29,725,51,43,2119.9,yes,39,28275,2024-09-17,26155.1
612,Customer_612,customer612@mail.com,storing,Wheat,2024-05-03,2024-10-05,162,4050,155,50,41850.0,no,36,145800,2024-10-05,103950.0
804,Customer_804,customer804@mail.com,storing,Rice,2024-03-26,2024-08-13,150,3750,140,60,42000.0,no,30,0,2024-08-13,-42000.0
1684,Customer_1684,customer1684@mail.com,stored,Sorghum,2023-07-20,2023-11-28,122,3050,131,54,28767.6,no,38,115900,2023-11-28,87132.4
1418,Customer_1418,customer1418@mail.com,sold,Sorghum,2023-06-13,2023-07-13,149,3725,30,35,5215.0,yes,40,149000,2023-07-13,143785.0
1232,Customer_1232,customer1232@mail.com,sold,Barley,2024-07-04,2024-10-04,191,9550,92,41,24015.07,partial,25,0,2024-10-04,-24015.07
461,Customer_461,customer461@mail.com,stored,Rice,2023-02-20,2023-03-18,109,5450,26,55,5195.67,yes,48,0,2023-03-18,-5195.67
1846,Customer_1846,customer1846@mail.com,stored,Wheat,2023-11-28,2024-03-17,103,2575,110,39,14729.0,partial,30,0,2024-03-17,-14729.0
1997,Customer_1997,customer1997@mail.com,storing,Wheat,2024-07-13,2024-07-24,96,4800,11,42,1478.4,no,43,206400,2024-07-24,204921.6
1132,Customer_1132,customer1132@mail.com,stored,Maize,2023-06-14,2023-11-11,58,2900,150,25,7250.0,yes,35,0,2023-11-11,-7250.0
1373,Customer_1373,customer1373@mail.com,stored,Barley,2024-06-14,2024-09-12,18,450,90,28,1512.0,no,51,22950,2024-09-12,21438.0
1246,Customer_1246,customer1246@mail.com,sold,Millet,2023-02-02,2023-06-20,60,3000,138,32,8832.0,partial,45,0,2023-06-20,-8832.0
292,Customer_292,customer292@mail.com,storing,Rice,2023-01-17,2023-04-06,90,4500,79,43,10191.0,no,48,0,2023-04-06,-10191.0
1219,Customer_1219,customer1219@mail.com,stored,Barley,2024-02-28,2024-08-07,164,8200,161,44,38725.87,partial,34,278800,2024-08-07,240074.13
909,Customer_909,customer909@mail.com,stored,Barley,2023-11-24,2023-12-06,87,4350,12,54,1879.2,yes,49,0,2023-12-06,-1879.2
1185,Customer_1185,customer1185@mail.com,stored,Wheat,2023-02-16,2023-08-12,37,925,177,21,4584.3,partial,53,49025,2023-08-12,44440.7
1256,Customer_1256,customer1256@mail.com,stored,Sorghum,2024-08-01,2024-12-18,100,2500,139,40,18533.33,partial,36,90000,2024-12-18,71466.67
1385,Customer_1385,customer1385@mail.com,sold,Sorghum,2023-12-24,2024-04-29,72,3600,127,43,13106.4,yes,47,0,2024-04-29,-13106.4
1865,Customer_1865,customer1865@mail.com,stored,Barley,2024-08-02,2024-12-12,32,800,132,42,5913.6,yes,50,40000,2024-12-12,34086.4
807,Customer_807,customer807@mail.com,stored,Barley,2023-10-12,2023-11-28,189,9450,47,60,17766.0,no,32,0,2023-11-28,-17766.0
1560,Customer_1560,customer1560@mail.com,storing,Maize,2023-04-23,2023-10-19,103,5150,179,25,15364.17,no,27,0,2023-10-19,-15364.17
1557,Customer_1557,customer1557@mail.com,storing,Wheat,2024-08-06,2024-09-04,149,3725,29,60,8642.0,no,45,0,2024-09-04,-8642.0
676,Customer_676,customer676@mail.com,sold,Barley,2024-02-01,2024-04-29,48,2400,88,44,6195.2,partial,50,120000,2024-04-29,113804.8
1967,Customer_1967,customer1967@mail.com,sold,Maize,2023-10-26,2024-01-05,198,9900,71,52,24367.2,no,36,356400,2024-01-05,332032.8
121,Customer_121,customer121@mail.com,stored,Wheat,2023-08-19,2023-09-27,31,775,39,54,2176.2,yes,54,41850,2023-09-27,39673.8
141,Customer_141,customer141@mail.com,storing,Maize,2024-04-07,2024-05-21,159,7950,44,44,10260.8,no,40,318000,2024-05-21,307739.2
1415,Customer_1415,customer1415@mail.com,stored,Millet,2023-07-05,2023-10-03,58,2900,90,23,4002.0,yes,35,101500,2023-10-03,97498.0
75,Customer_75,customer75@mail.com,stored,Rice,2024-08-13,2024-11-09,82,2050,88,30,7216.0,partial,30,0,2024-11-09,-7216.0
348,Customer_348,customer348@mail.com,stored,Sorghum,2023-08-13,2023-11-16,119,2975,95,56,21102.67,yes,37,110075,2023-11-16,88972.33
1616,Customer_1616,customer1616@mail.com,sold,Millet,2024-06-09,2024-10-17,163,4075,130,36,25428.0,yes,26,105950,2024-10-17,80522.0
1315,Customer_1315,customer1315@mail.com,sold,Barley,2023-07-03,2023-07-27,19,475,24,29,440.8,no,41,0,2023-07-27,-440.8
1070,Customer_1070,customer1070@mail.com,storing,Millet,2023-06-09,2023-07-14,11,550,35,59,757.17,no,52,28600,2023-07-14,27842.83
446,Customer_446,customer446@mail.com,storing,Rice,2023-11-03,2024-04-19,27,1350,168,26,3931.2,yes,37,0,2024-04-19,-3931.2
1757,Customer_1757,customer1757@mail.com,stored,Rice,2023-03-07,2023-08-25,130,3250,171,35,25935.0,yes,48,0,2023-08-25,-25935.0
1206,Customer_1206,customer1206@mail.com,storing,Sorghum,2024-05-14,2024-06-05,76,3800,22,55,3065.33,partial,45,171000,2024-06-05,167934.67
31,Customer_31,customer31@mail.com,storing,Maize,2024-07-09,2024-11-01,74,1850,115,55,15601.67,yes,30,0,2024-11-01,-15601.67
725,Customer_725,customer725@mail.com,stored,Barley,2023-11-27,2023-12-24,109,2725,27,39,3825.9,partial,34,0,2023-12-24,-3825.9
801,Customer_801,customer801@mail.com,stored,Wheat,2024-02-13,2024-06-12,147,3675,120,32,18816.0,no,51,0,2024-06-12,-18816.0
1194,Customer_1194,customer1194@mail.com,sold,Maize,2024-03-25,2024-04-15,104,2600,21,55,4004.0,yes,45,0,2024-04-15,-4004.0
1079,Customer_1079,customer1079@mail.com,sold,Sorghum,2023-04-02,2023-07-01,118,5900,90,23,8142.0,no,54,0,2023-07-01,-8142.0
1925,Customer_1925,customer1925@mail.com,stored,Barley,2023-07-20,2023-11-12,138,6900,115,49,25921.0,yes,36,248400,2023-11-12,222479.0
808,Customer_808,customer808@mail.com,sold,Rice,2023-04-06,2023-07-17,145,7250,102,39,19227.0,no,46,0,2023-07-17,-19227.0
489,Customer_489,customer489@mail.com,sold,Rice,2023-08-25,2023-12-27,20,500,124,48,3968.0,no,26,13000,2023-12-27,9032.0
1548,Customer_1548,customer1548@mail.com,sold,Sorghum,2024-06-02,2024-06-27,195,4875,25,45,7312.5,yes,28,0,2024-06-27,-7312.5
1346,Customer_1346,customer1346@mail.com,storing,Wheat,2023-11-12,2024-02-05,140,7000,85,33,13090.0,no,30,210000,2024-02-05,196910.0
625,Customer_625,customer625@mail.com,stored,Rice,2024-05-21,2024-06-04,35,875,14,46,751.33,no,40,35000,2024-06-04,34248.67
1481,Customer_1481,customer1481@mail.com,stored,Rice,2023-12-16,2024-04-25,161,8050,131,27,18981.9,no,50,402500,2024-04-25,383518.1
120,Customer_120,customer120@mail.com,stored,Millet,2023-06-16,2023-11-16,72,1800,153,29,10648.8,no,27,0,2023-11-16,-10648.8
460,Customer_460,customer460@mail.com,sold,Maize,2024-07-16,2024-12-02,150,7500,139,38,26410.0,yes,54,0,2024-12-02,-26410.0
423,Customer_423,customer423@mail.com,stored,Maize,2024-01-06,2024-03-25,39,975,79,41,4210.7,no,55,0,2024-03-25,-4210.7
854,Customer_854,customer854@mail.com,sold,Maize,2023-10-13,2023-12-03,36,900,51,51,3121.2,no,42,37800,2023-12-03,34678.8
75,Customer_75,customer75@mail.com,sold,Sorghum,2023-02-01,2023-06-01,165,4125,120,45,29700.0,partial,33,136125,2023-06-01,106425.0
107,Customer_107,customer107@mail.com,sold,Millet,2023-01-12,2023-03-10,128,3200,57,60,14592.0,no,54,0,2023-03-10,-14592.0
1840,Customer_1840,customer1840@mail.com,storing,Barley,2024-06-26,2024-10-01,33,1650,97,37,3947.9,yes,42,69300,2024-10-01,65352.1
574,Customer_574,customer574@mail.com,storing,Maize,2024-04-05,2024-07-23,125,3125,109,57,25887.5,no,43,134375,2024-07-23,108487.5
1073,Customer_1073,customer1073@mail.com,sold,Maize,2024-08-12,2024-09-15,158,3950,34,42,7520.8,partial,55,217250,2024-09-15,209729.2
1607,Customer_1607,customer1607@mail.com,sold,Millet,2024-07-04,2024-09-11,97,2425,69,55,12270.5,yes,25,60625,2024-09-11,48354.5
386,Customer_386,customer386@mail.com,stored,Sorghum,2024-06-27,2024-10-16,35,875,111,34,4403.0,partial,51,44625,2024-10-16,40222.0
85,Customer_85,customer85@mail.com,stored,Millet,2024-04-09,2024-06-22,18,450,74,29,1287.6,yes,27,12150,2024-06-22,10862.4
1629,Customer_1629,customer1629@mail.com,storing,Millet,2023-12-29,2024-01-09,51,1275,11,56,1047.2,no,45,0,2024-01-09,-1047.2
1836,Customer_1836,customer1836@mail.com,sold,Wheat,2023-12-05,2024-04-11,61,1525,128,31,8068.27,partial,39,0,2024-04-11,-8068.27
1130,Customer_1130,customer1130@mail.com,stored,Barley,2024-05-04,2024-06-20,22,1100,47,29,999.53,partial,39,42900,2024-06-20,41900.47
1007,Customer_1007,customer1007@mail.com,sold,Sorghum,2024-05-22,2024-10-11,172,8600,142,44,35821.87,partial,38,326800,2024-10-11,290978.13
1010,Customer_1010,customer1010@mail.com,storing,Maize,2023-02-14,2023-06-03,142,3550,109,41,21153.27,no,32,113600,2023-06-03,92446.73
1228,Customer_1228,customer1228@mail.com,stored,Barley,2024-01-17,2024-04-21,106,5300,95,41,13762.33,partial,47,0,2024-04-21,-13762.33
567,Customer_567,customer567@mail.com,storing,Millet,2023-09-21,2024-02-28,191,9550,160,23,23429.33,no,47,448850,2024-02-28,425420.67
1600,Customer_1600,customer1600@mail.com,sold,Rice,2024-02-14,2024-06-24,27,675,131,45,5305.5,yes,44,29700,2024-06-24,24394.5
1103,Customer_1103,customer1103@mail.com,stored,Millet,2024-02-09,2024-05-31,35,1750,112,27,3528.0,yes,49,85750,2024-05-31,82222.0
1204,Customer_1204,customer1204@mail.com,storing,Wheat,2023-08-25,2024-01-13,135,6750,141,24,15228.0,partial,27,0,2024-01-13,-15228.0
1357,Customer_1357,customer1357@mail.com,storing,Rice,2023-05-13,2023-08-22,144,7200,101,27,13089.6,partial,44,0,2023-08-22,-13089.6
664,Customer_664,customer664@mail.com,stored,Maize,2024-03-30,2024-07-22,173,8650,114,43,28268.2,partial,40,0,2024-07-22,-28268.2
598,Customer_598,customer598@mail.com,storing,Maize,2024-04-30,2024-05-31,119,5950,31,22,2705.27,yes,30,178500,2024-05-31,175794.73
397,Customer_397,customer397@mail.com,stored,Sorghum,2024-02-20,2024-06-05,191,9550,106,45,30369.0,partial,25,0,2024-06-05,-30369.0
112,Customer_112,customer112@mail.com,stored,Rice,2023-04-19,2023-08-06,58,1450,109,54,11379.6,yes,52,75400,2023-08-06,64020.4
1436,Customer_1436,customer1436@mail.com,sold,Wheat,2024-08-19,2024-09-27,68,1700,39,45,3978.0,no,49,83300,2024-09-27,79322.0
1828,Customer_1828,customer1828@mail.com,stored,Maize,2023-02-02,2023-06-16,75,3750,134,37,12395.0,no,34,0,2023-06-16,-12395.0
1342,Customer_1342,customer1342@mail.com,sold,Rice,2023-01-25,2023-03-23,70,3500,57,23,3059.0,yes,48,168000,2023-03-23,164941.0
600,Customer_600,customer600@mail.com,sold,Maize,2023-06-03,2023-07-09,55,1375,36,51,3366.0,partial,25,34375,2023-07-09,31009.0
809,Customer_809,customer809@mail.com,stored,Sorghum,2024-01-18,2024-06-26,165,8250,160,26,22880.0,no,52,0,2024-06-26,-22880.0
1846,Customer_1846,customer1846@mail.com,stored,Millet,2024-06-20,2024-12-06,71,1775,169,25,9999.17,no,41,72775,2024-12-06,62775.83
415,Customer_415,customer415@mail.com,storing,Maize,2024-01-26,2024-02-13,190,9500,18,46,5244.0,no,38,0,2024-02-13,-5244.0
697,Customer_697,customer697@mail.com,storing,Maize,2024-01-27,2024-03-08,89,2225,41,53,6446.57,no,36,0,2024-03-08,-6446.57
1762,Customer_1762,customer1762@mail.com,storing,Sorghum,2023-08-22,2023-09-26,67,3350,35,56,4377.33,partial,43,144050,2023-09-26,139672.67
580,Customer_580,customer580@mail.com,sold,Rice,2023-01-21,2023-03-16,193,9650,54,52,18064.8,no,37,357050,2023-03-16,338985.2
1244,Customer_1244,customer1244@mail.com,storing,Millet,2023-03-07,2023-08-24,145,3625,170,25,20541.67,no,38,0,2023-08-24,-20541.67
171,Customer_171,customer171@mail.com,sold,Maize,2023-12-14,2024-01-10,20,1000,27,42,756.0,partial,30,30000,2024-01-10,29244.0
523,Customer_523,customer523@mail.com,storing,Barley,2023-11-01,2024-04-29,33,825,180,42,8316.0,yes,40,33000,2024-04-29,24684.0
1508,Customer_1508,customer1508@mail.com,sold,Wheat,2024-03-24,2024-08-03,11,275,132,30,1452.0,no,34,0,2024-08-03,-1452.0
29,Customer_29,customer29@mail.com,sold,Wheat,2023-10-24,2023-12-12,81,2025,49,21,2778.3,yes,47,0,2023-12-12,-2778.3
998,Customer_998,customer998@mail.com,storing,Maize,2023-11-05,2023-11-25,57,2850,20,33,1254.0,partial,38,0,2023-11-25,-1254.0
1846,Customer_1846,customer1846@mail.com,sold,Millet,2023-07-22,2023-08-15,163,4075,24,35,4564.0,partial,35,142625,2023-08-15,138061.0
1642,Customer_1642,customer1642@mail.com,stored,Rice,2023-05-04,2023-10-25,111,5550,174,54,34765.2,yes,27,149850,2023-10-25,115084.8
922,Customer_922,customer922@mail.com,sold,Sorghum,2023-03-14,2023-07-21,126,3150,129,27,14628.6,yes,45,141750,2023-07-21,127121.4
1362,Customer_1362,customer1362@mail.com,stored,Millet,2024-02-17,2024-07-02,90,4500,136,50,20400.0,no,43,0,2024-07-02,-20400.0
877,Customer_877,customer877@mail.com,sold,Sorghum,2024-01-26,2024-02-10,144,7200,15,57,4104.0,no,29,208800,2024-02-10,204696.0
1748,Customer_1748,customer1748@mail.com,storing,Rice,2023-05-02,2023-09-14,171,8550,135,36,27702.0,yes,34,0,2023-09-14,-27702.0
429,Customer_429,customer429@mail.com,stored,Wheat,2024-07-18,2024-11-11,40,1000,116,27,4176.0,yes,46,0,2024-11-11,-4176.0
623,Customer_623,customer623@mail.com,sold,Rice,2024-08-06,2025-01-08,199,9950,155,40,41126.67,partial,46,457700,2025-01-08,416573.33
1805,Customer_1805,customer1805@mail.com,sold,Sorghum,2023-03-13,2023-04-18,54,1350,36,46,2980.8,partial,35,47250,2023-04-18,44269.2
675,Customer_675,customer675@mail.com,sold,Rice,2024-01-19,2024-04-12,58,2900,84,31,5034.4,partial,39,0,2024-04-12,-5034.4
289,Customer_289,customer289@mail.com,stored,Maize,2024-05-21,2024-11-09,71,3550,172,26,10583.73,partial,27,0,2024-11-09,-10583.73
1599,Customer_1599,customer1599@mail.com,stored,Millet,2023-03-31,2023-06-02,168,8400,63,59,20815.2,yes,33,277200,2023-06-02,256384.8
1783,Customer_1783,customer1783@mail.com,sold,Rice,2023-10-23,2024-02-01,88,4400,101,29,8591.73,no,46,202400,2024-02-01,193808.27
1071,Customer_1071,customer1071@mail.com,sold,Barley,2023-12-13,2024-05-22,150,7500,161,24,19320.0,yes,37,277500,2024-05-22,258180.0
61,Customer_61,customer61@mail.com,storing,Maize,2024-03-01,2024-07-15,67,3350,136,21,6378.4,partial,31,0,2024-07-15,-6378.4
1434,Customer_1434,customer1434@mail.com,storing,Maize,2023-03-05,2023-06-07,75,1875,94,39,9165.0,partial,38,71250,2023-06-07,62085.0
1380,Customer_1380,customer1380@mail.com,stored,Maize,2023-12-30,2024-03-13,84,2100,74,55,11396.0,no,38,0,2024-03-13,-11396.0
680,Customer_680,customer680@mail.com,sold,Wheat,2023-01-14,2023-03-20,47,1175,65,45,4582.5,yes,38,44650,2023-03-20,40067.5
830,Customer_830,customer830@mail.com,stored,Millet,2023-01-01,2023-01-27,123,6150,26,39,4157.4,partial,39,0,2023-01-27,-4157.4
1115,Customer_1115,customer1115@mail.com,sold,Sorghum,2023-04-05,2023-06-14,42,2100,70,59,5782.0,no,36,0,2023-06-14,-5782.0
154,Customer_154,customer154@mail.com,storing,Sorghum,2023-05-01,2023-09-15,97,4850,137,43,19047.57,partial,33,0,2023-09-15,-19047.57
1803,Customer_1803,customer1803@mail.com,sold,Millet,2023-06-11,2023-07-21,129,6450,40,54,9288.0,no,42,0,2023-07-21,-9288.0
265,Customer_265,customer265@mail.com,sold,Barley,2023-05-25,2023-09-13,40,2000,111,49,7252.0,no,38,76000,2023-09-13,68748.0
1745,Customer_1745,customer1745@mail.com,stored,Wheat,2023-09-21,2024-01-24,143,7150,125,56,33366.67,no,35,250250,2024-01-24,216883.33
1828,Customer_1828,customer1828@mail.com,stored,Maize,2023-07-24,2023-08-17,181,9050,24,25,3620.0,partial,44,0,2023-08-17,-3620.0
261,Customer_261,customer261@mail.com,storing,Barley,2024-08-11,2024-09-23,53,2650,43,37,2810.77,partial,52,137800,2024-09-23,134989.23
904,Customer_904,customer904@mail.com,sold,Millet,2023-11-03,2024-03-28,119,2975,146,51,29535.8,partial,29,0,2024-03-28,-29535.8
963,Customer_963,customer963@mail.com,sold,Sorghum,2024-03-07,2024-04-27,67,1675,51,32,3644.8,partial,30,0,2024-04-27,-3644.8
1384,Customer_1384,customer1384@mail.com,sold,Sorghum,2023-10-31,2024-03-07,106,5300,128,51,23065.6,partial,46,0,2024-03-07,-23065.6
674,Customer_674,customer674@mail.com,sold,Maize,2023-01-14,2023-04-10,147,7350,86,33,13906.2,partial,25,183750,2023-04-10,169843.8
1814,Customer_1814,customer1814@mail.com,storing,Wheat,2023-09-06,2023-12-16,124,3100,101,32,13358.93,no,46,0,2023-12-16,-13358.93
1654,Customer_1654,customer1654@mail.com,storing,Sorghum,2023-11-06,2024-01-29,16,800,84,30,1344.0,yes,46,36800,2024-01-29,35456.0
1165,Customer_1165,customer1165@mail.com,stored,Sorghum,2023-04-25,2023-07-31,150,3750,97,23,11155.0,partial,35,131250,2023-07-31,120095.0
885,Customer_885,customer885@mail.com,stored,Maize,2023-07-21,2023-08-24,12,600,34,47,639.2,yes,55,0,2023-08-24,-639.2
1779,Customer_1779,customer1779@mail.com,storing,Barley,2024-06-27,2024-08-22,106,5300,56,50,9893.33,partial,27,0,2024-08-22,-9893.33
994,Customer_994,customer994@mail.com,storing,Barley,2024-06-30,2024-08-30,149,7450,61,39,11815.7,yes,42,312900,2024-08-30,301084.3
1491,Customer_1491,customer1491@mail.com,storing,Barley,2023-10-11,2023-12-01,193,4825,51,28,9186.8,yes,26,0,2023-12-01,-9186.8
1442,Customer_1442,customer1442@mail.com,sold,Sorghum,2023-04-07,2023-09-10,168,4200,156,48,41932.8,partial,44,184800,2023-09-10,142867.2
1479,Customer_1479,customer1479@mail.com,storing,Maize,2024-04-24,2024-07-03,113,2825,70,55,14501.67,no,55,0,2024-07-03,-14501.67
779,Customer_779,customer779@mail.com,storing,Rice,2024-06-03,2024-10-22,78,1950,141,41,15030.6,yes,29,56550,2024-10-22,41519.4
249,Customer_249,customer249@mail.com,storing,Millet,2023-10-08,2024-02-08,134,3350,123,51,28019.4,yes,31,103850,2024-02-08,75830.6
879,Customer_879,customer879@mail.com,storing,Sorghum,2023-05-08,2023-08-03,33,825,87,29,2775.3,no,33,27225,2023-08-03,24449.7
71,Customer_71,customer71@mail.com,stored,Millet,2024-07-20,2024-10-15,192,9600,87,51,28396.8,no,33,316800,2024-10-15,288403.2
476,Customer_476,customer476@mail.com,stored,Millet,2023-11-21,2023-12-16,44,2200,25,37,1356.67,partial,28,0,2023-12-16,-1356.67
772,Customer_772,customer772@mail.com,sold,Sorghum,2023-05-29,2023-09-10,147,3675,104,29,14778.4,yes,37,0,2023-09-10,-14778.4
1392,Customer_1392,customer1392@mail.com,storing,Wheat,2023-03-12,2023-04-27,53,1325,46,54,4388.4,partial,53,0,2023-04-27,-4388.4
257,Customer_257,customer257@mail.com,stored,Sorghum,2023-05-30,2023-10-09,107,5350,132,60,28248.0,yes,37,0,2023-10-09,-28248.0
850,Customer_850,customer850@mail.com,sold,Millet,2023-04-09,2023-07-26,124,6200,108,45,20088.0,yes,30,0,2023-07-26,-20088.0
1077,Customer_1077,customer1077@mail.com,stored,Millet,2023-10-04,2023-11-07,133,3325,34,56,8441.07,no,48,0,2023-11-07,-8441.07
201,Customer_201,customer201@mail.com,stored,Maize,2024-02-20,2024-03-31,132,6600,40,24,4224.0,partial,39,0,2024-03-31,-4224.0
1105,Customer_1105,customer1105@mail.com,sold,Millet,2023-02-02,2023-06-23,69,1725,141,55,17836.5,partial,38,0,2023-06-23,-17836.5
1021,Customer_1021,customer1021@mail.com,stored,Barley,2023-05-04,2023-05-15,58,1450,11,31,659.27,yes,52,0,2023-05-15,-659.27
611,Customer_611,customer611@mail.com,sold,Maize,2024-06-16,2024-10-04,121,3025,110,24,10648.0,no,53,160325,2024-10-04,149677.0
359,Customer_359,customer359@mail.com,storing,Barley,2024-05-10,2024-10-03,32,1600,146,44,6852.27,no,52,0,2024-10-03,-6852.27
546,Customer_546,customer546@mail.com,storing,Barley,2023-09-21,2023-12-31,190,9500,101,53,33902.33,partial,43,0,2023-12-31,-33902.33
160,Customer_160,customer160@mail.com,storing,Rice,2023-09-28,2023-12-04,34,850,67,58,4404.13,yes,32,0,2023-12-04,-4404.13
205,Customer_205,customer205@mail.com,sold,Sorghum,2023-12-01,2024-03-11,17,850,101,48,2747.2,partial,31,0,2024-03-11,-2747.2
991,Customer_991,customer991@mail.com,storing,Barley,2024-08-22,2024-12-09,166,4150,109,54,32569.2,partial,28,0,2024-12-09,-32569.2
1881,Customer_1881,customer1881@mail.com,sold,Rice,2023-12-27,2024-05-19,57,1425,144,36,9849.6,yes,45,64125,2024-05-19,54275.4
579,Customer_579,customer579@mail.com,stored,Millet,2023-08-11,2023-09-15,149,7450,35,44,7648.67,yes,32,238400,2023-09-15,230751.33
758,Customer_758,customer758@mail.com,storing,Barley,2024-04-21,2024-05-15,98,2450,24,43,3371.2,partial,26,0,2024-05-15,-3371.2
1687,Customer_1687,customer1687@mail.com,storing,Sorghum,2023-10-22,2023-12-09,31,1550,48,23,1140.8,no,36,55800,2023-12-09,54659.2
1679,Customer_1679,customer1679@mail.com,storing,Barley,2023-03-25,2023-06-16,27,1350,83,30,2241.0,partial,38,51300,2023-06-16,49059.0
1049,Customer_1049,customer1049@mail.com,sold,Rice,2023-03-13,2023-05-14,142,7100,62,37,10858.27,partial,52,369200,2023-05-14,358341.73
1059,Customer_1059,customer1059@mail.com,sold,Rice,2024-08-03,2025-01-30,18,900,180,48,5184.0,partial,32,28800,2025-01-30,23616.0
691,Customer_691,customer691@mail.com,storing,Rice,2023-04-29,2023-07-30,60,1500,92,50,9200.0,no,45,0,2023-07-30,-9200.0
986,Customer_986,customer986@mail.com,storing,Sorghum,2023-08-09,2023-09-17,127,6350,39,33,5448.3,no,25,0,2023-09-17,-5448.3
1858,Customer_1858,customer1858@mail.com,stored,Maize,2023-06-29,2023-08-15,29,725,47,46,2089.93,no,45,0,2023-08-15,-2089.93
372,Customer_372,customer372@mail.com,sold,Sorghum,2023-06-30,2023-12-04,161,4025,157,21,17693.9,yes,25,100625,2023-12-04,82931.1
235,Customer_235,customer235@mail.com,sold,Wheat,2023-10-13,2024-03-06,25,1250,145,57,6887.5,no,37,0,2024-03-06,-6887.5
305,Customer_305,customer305@mail.com,stored,Sorghum,2024-08-19,2025-01-20,181,9050,154,22,20440.93,no,39,352950,2025-01-20,332509.07
579,Customer_579,customer579@mail.com,storing,Rice,2023-09-21,2023-11-13,190,9500,53,34,11412.67,no,43,408500,2023-11-13,397087.33
1556,Customer_1556,customer1556@mail.com,sold,Barley,2023-12-19,2024-06-07,154,3850,171,28,24578.4,no,28,107800,2024-06-07,83221.6
1951,Customer_1951,customer1951@mail.com,sold,Sorghum,2024-06-06,2024-09-25,52,2600,111,55,10582.0,partial,48,124800,2024-09-25,114218.0
795,Customer_795,customer795@mail.com,sold,Maize,2023-09-01,2024-02-22,30,750,174,46,8004.0,yes,32,0,2024-02-22,-8004.0
1945,Customer_1945,customer1945@mail.com,sold,Millet,2023-07-06,2023-07-24,192,4800,18,60,6912.0,yes,28,134400,2023-07-24,127488.0
1390,Customer_1390,customer1390@mail.com,storing,Maize,2023-07-15,2023-09-18,156,3900,65,57,19266.0,partial,42,163800,2023-09-18,144534.0
1608,Customer_1608,customer1608@mail.com,storing,Maize,2023-10-19,2023-11-21,34,1700,33,29,1084.6,yes,49,83300,2023-11-21,82215.4
120,Customer_120,customer120@mail.com,storing,Rice,2024-03-16,2024-08-13,140,3500,150,27,18900.0,partial,29,101500,2024-08-13,82600.0
1347,Customer_1347,customer1347@mail.com,sold,Maize,2023-02-24,2023-03-26,121,6050,30,45,5445.0,yes,45,0,2023-03-26,-5445.0
1334,Customer_1334,customer1334@mail.com,sold,Wheat,2024-05-16,2024-07-10,38,1900,55,30,2090.0,yes,30,57000,2024-07-10,54910.0
1746,Customer_1746,customer1746@mail.com,storing,Millet,2024-05-17,2024-08-05,144,3600,80,55,21120.0,partial,39,140400,2024-08-05,119280.0
770,Customer_770,customer770@mail.com,storing,Sorghum,2024-02-26,2024-06-13,95,4750,108,53,18126.0,partial,37,175750,2024-06-13,157624.0
25,Customer_25,customer25@mail.com,storing,Maize,2023-03-08,2023-07-14,66,3300,128,39,10982.4,partial,42,138600,2023-07-14,127617.6
863,Customer_863,customer863@mail.com,stored,Barley,2023-04-14,2023-10-06,180,4500,175,21,22050.0,yes,44,0,2023-10-06,-22050.0
1698,Customer_1698,customer1698@mail.com,stored,Wheat,2024-07-04,2024-11-06,14,700,125,43,2508.33,no,36,0,2024-11-06,-2508.33
1793,Customer_1793,customer1793@mail.com,storing,Barley,2023-02-23,2023-06-30,87,4350,127,52,19151.6,yes,33,0,2023-06-30,-19151.6
1734,Customer_1734,customer1734@mail.com,sold,Barley,2023-03-13,2023-07-31,99,2475,140,25,11550.0,yes,26,64350,2023-07-31,52800.0
1188,Customer_1188,customer1188@mail.com,sold,Sorghum,2023-06-09,2023-08-09,19,950,61,24,927.2,partial,53,50350,2023-08-09,49422.8
1058,Customer_1058,customer1058@mail.com,stored,Rice,2023-01-11,2023-05-20,56,2800,129,22,5297.6,yes,39,0,2023-05-20,-5297.6
1246,Customer_1246,customer1246@mail.com,sold,Wheat,2024-08-07,2025-01-04,101,5050,150,45,22725.0,yes,36,0,2025-01-04,-22725.0
1412,Customer_1412,customer1412@mail.com,storing,Rice,2024-06-20,2024-10-04,48,2400,106,25,4240.0,yes,51,122400,2024-10-04,118160.0
767,Customer_767,customer767@mail.com,stored,Sorghum,2024-04-10,2024-07-14,158,3950,95,35,17511.67,yes,45,0,2024-07-14,-17511.67
1493,Customer_1493,customer1493@mail.com,storing,Millet,2023-09-12,2024-01-26,57,2850,136,48,12403.2,yes,35,0,2024-01-26,-12403.2
1217,Customer_1217,customer1217@mail.com,storing,Rice,2023-09-13,2023-12-06,199,9950,84,41,22845.2,partial,41,407950,2023-12-06,385104.8
1637,Customer_1637,customer1637@mail.com,stored,Sorghum,2024-02-09,2024-07-21,23,1150,163,46,5748.47,yes,32,36800,2024-07-21,31051.53
11,Customer_11,customer11@mail.com,storing,Rice,2024-05-18,2024-06-30,183,9150,43,34,8918.2,no,38,347700,2024-06-30,338781.8
658,Customer_658,customer658@mail.com,sold,Wheat,2024-04-23,2024-07-01,167,8350,69,48,18436.8,yes,34,0,2024-07-01,-18436.8
1899,Customer_1899,customer1899@mail.com,stored,Sorghum,2024-03-24,2024-05-08,112,5600,45,21,3528.0,no,42,0,2024-05-08,-3528.0
756,Customer_756,customer756@mail.com,sold,Barley,2024-04-05,2024-05-11,53,2650,36,43,2734.8,partial,53,0,2024-05-11,-2734.8
1328,Customer_1328,customer1328@mail.com,stored,Wheat,2024-04-09,2024-08-31,111,5550,144,58,30902.4,yes,45,249750,2024-08-31,218847.6
315,Customer_315,customer315@mail.com,storing,Barley,2023-06-06,2023-11-19,28,700,166,33,5112.8,yes,48,0,2023-11-19,-5112.8
1790,Customer_1790,customer1790@mail.com,stored,Wheat,2024-03-30,2024-05-15,143,3575,46,23,5043.13,partial,50,0,2024-05-15,-5043.13
1690,Customer_1690,customer1690@mail.com,sold,Rice,2023-08-05,2023-10-29,34,850,85,34,3275.33,partial,46,39100,2023-10-29,35824.67
1308,Customer_1308,customer1308@mail.com,sold,Millet,2023-12-13,2024-05-30,148,3700,169,30,25012.0,no,31,114700,2024-05-30,89688.0
1854,Customer_1854,customer1854@mail.com,storing,Maize,2024-02-11,2024-05-21,188,9400,100,59,36973.33,yes,47,441800,2024-05-21,404826.67
1925,Customer_1925,customer1925@mail.com,storing,Wheat,2024-08-05,2024-10-02,40,2000,58,57,4408.0,partial,31,62000,2024-10-02,57592.0
233,Customer_233,customer233@mail.com,storing,Maize,2023-12-26,2024-01-07,53,1325,12,29,614.8,yes,50,0,2024-01-07,-614.8
1503,Customer_1503,customer1503@mail.com,stored,Sorghum,2023-01-23,2023-05-08,107,5350,105,44,16478.0,yes,26,139100,2023-05-08,122622.0
593,Customer_593,customer593@mail.com,storing,Millet,2023-01-17,2023-05-24,52,1300,127,47,10346.27,partial,43,0,2023-05-24,-10346.27
1921,Customer_1921,customer1921@mail.com,sold,Maize,2024-01-24,2024-05-12,176,4400,109,38,24299.73,yes,33,145200,2024-05-12,120900.27
1565,Customer_1565,customer1565@mail.com,sold,Wheat,2023-04-06,2023-04-21,72,3600,15,37,1332.0,partial,32,115200,2023-04-21,113868.0
790,Customer_790,customer790@mail.com,sold,Wheat,2023-09-25,2023-12-12,32,800,78,30,2496.0,yes,53,42400,2023-12-12,39904.0
136,Customer_136,customer136@mail.com,sold,Wheat,2023-03-29,2023-09-21,153,7650,176,52,46675.2,yes,27,0,2023-09-21,-46675.2
672,Customer_672,customer672@mail.com,stored,Rice,2023-09-03,2024-01-10,17,850,129,28,2046.8,no,36,30600,2024-01-10,28553.2
539,Customer_539,customer539@mail.com,storing,Barley,2024-07-19,2024-10-22,66,3300,95,22,4598.0,no,49,161700,2024-10-22,157102.0
539,Customer_539,customer539@mail.com,sold,Sorghum,2024-01-15,2024-04-10,138,6900,86,28,11076.8,no,49,0,2024-04-10,-11076.8
1472,Customer_1472,customer1472@mail.com,sold,Rice,2023-05-23,2023-08-23,148,7400,92,45,20424.0,no,54,399600,2023-08-23,379176.0
1434,Customer_1434,customer1434@mail.com,sold,Barley,2023-10-09,2023-10-28,155,7750,19,25,2454.17,yes,40,0,2023-10-28,-2454.17
248,Customer_248,customer248@mail.com,sold,Millet,2023-12-04,2024-02-12,118,5900,70,56,15418.67,no,26,0,2024-02-12,-15418.67
814,Customer_814,customer814@mail.com,sold,Maize,2023-07-20,2023-11-15,149,7450,118,55,32233.67,partial,28,0,2023-11-15,-32233.67
1047,Customer_1047,customer1047@mail.com,stored,Maize,2023-01-22,2023-07-01,33,1650,160,29,5104.0,partial,28,0,2023-07-01,-5104.0
202,Customer_202,customer202@mail.com,storing,Maize,2023-03-24,2023-09-16,189,4725,176,54,59875.2,yes,54,255150,2023-09-16,195274.8
1842,Customer_1842,customer1842@mail.com,storing,Rice,2023-04-08,2023-08-01,115,5750,115,50,22041.67,partial,30,0,2023-08-01,-22041.67
94,Customer_94,customer94@mail.com,stored,Millet,2023-10-29,2023-12-20,10,500,52,33,572.0,yes,55,0,2023-12-20,-572.0
1033,Customer_1033,customer1033@mail.com,sold,Rice,2023-08-04,2023-11-27,12,600,115,50,2300.0,no,50,30000,2023-11-27,27700.0
1139,Customer_1139,customer1139@mail.com,storing,Sorghum,2024-05-01,2024-05-11,172,4300,10,53,3038.67,yes,31,0,2024-05-11,-3038.67
1480,Customer_1480,customer1480@mail.com,sold,Wheat,2023-09-04,2024-02-06,101,5050,155,27,14089.5,yes,27,136350,2024-02-06,122260.5
1536,Customer_1536,customer1536@mail.com,storing,Sorghum,2024-05-13,2024-07-01,75,3750,49,39,4777.5,yes,36,0,2024-07-01,-4777.5
769,Customer_769,customer769@mail.com,stored,Sorghum,2023-02-26,2023-04-25,57,2850,58,39,4297.8,no,53,151050,2023-04-25,146752.2
366,Customer_366,customer366@mail.com,sold,Rice,2023-10-22,2023-12-31,82,2050,70,43,8227.33,yes,41,84050,2023-12-31,75822.67
41,Customer_41,customer41@mail.com,stored,Barley,2023-08-04,2023-08-28,173,4325,24,32,4428.8,yes,46,198950,2023-08-28,194521.2
1794,Customer_1794,customer1794@mail.com,storing,Millet,2024-03-23,2024-08-24,193,9650,154,27,26749.8,no,47,453550,2024-08-24,426800.2
614,Customer_614,customer614@mail.com,sold,Barley,2023-11-14,2024-04-20,161,4025,158,59,50028.07,no,37,148925,2024-04-20,98896.93
298,Customer_298,customer298@mail.com,storing,Rice,2024-03-15,2024-06-18,62,3100,95,36,7068.0,partial,45,0,2024-06-18,-7068.0
1418,Customer_1418,customer1418@mail.com,stored,Millet,2023-03-25,2023-07-08,156,7800,105,55,30030.0,yes,34,265200,2023-07-08,235170.0
1658,Customer_1658,customer1658@mail.com,sold,Sorghum,2023-05-04,2023-07-06,165,4125,63,45,15592.5,yes,35,0,2023-07-06,-15592.5
1159,Customer_1159,customer1159@mail.com,stored,Sorghum,2023-07-19,2023-08-11,46,1150,23,28,987.47,no,54,62100,2023-08-11,61112.53
925,Customer_925,customer925@mail.com,storing,Sorghum,2024-01-24,2024-03-19,178,4450,55,57,18601.0,partial,48,0,2024-03-19,-18601.0
815,Customer_815,customer815@mail.com,storing,Maize,2023-10-02,2024-03-25,82,2050,175,48,22960.0,no,32,0,2024-03-25,-22960.0
172,Customer_172,customer172@mail.com,stored,Millet,2023-07-28,2023-12-07,178,8900,132,32,25062.4,yes,30,0,2023-12-07,-25062.4
250,Customer_250,customer250@mail.com,stored,Rice,2023-08-01,2023-11-03,58,2900,94,30,5452.0,yes,43,124700,2023-11-03,119248.0
24,Customer_24,customer24@mail.com,sold,Sorghum,2024-04-11,2024-05-28,24,600,47,53,1992.8,no,39,0,2024-05-28,-1992.8
133,Customer_133,customer133@mail.com,sold,Maize,2023-04-07,2023-07-06,74,3700,90,23,5106.0,no,47,173900,2023-07-06,168794.0
480,Customer_480,customer480@mail.com,stored,Maize,2024-05-21,2024-09-23,157,7850,125,20,13083.33,yes,31,243350,2024-09-23,230266.67
819,Customer_819,customer819@mail.com,stored,Rice,2023-11-18,2023-12-10,41,2050,22,42,1262.8,partial,47,96350,2023-12-10,95087.2
910,Customer_910,customer910@mail.com,storing,Maize,2023-11-01,2024-03-14,161,8050,134,30,21574.0,yes,48,0,2024-03-14,-21574.0
355,Customer_355,customer355@mail.com,stored,Wheat,2024-05-05,2024-08-30,186,4650,117,58,42073.2,no,25,116250,2024-08-30,74176.8
1199,Customer_1199,customer1199@mail.com,stored,Wheat,2023-09-02,2023-11-26,84,2100,85,44,10472.0,yes,44,0,2023-11-26,-10472.0
1475,Customer_1475,customer1475@mail.com,storing,Barley,2024-02-10,2024-05-14,63,1575,94,47,9277.8,no,37,0,2024-05-14,-9277.8
1386,Customer_1386,customer1386@mail.com,stored,Barley,2023-08-18,2023-12-10,49,1225,114,39,7261.8,partial,30,36750,2023-12-10,29488.2
1432,Customer_1432,customer1432@mail.com,storing,Maize,2023-04-18,2023-08-04,167,8350,108,57,34268.4,partial,36,0,2023-08-04,-34268.4
1762,Customer_1762,customer1762@mail.com,stored,Millet,2023-04-22,2023-05-10,104,2600,18,50,3120.0,yes,38,0,2023-05-10,-3120.0
1875,Customer_1875,customer1875@mail.com,storing,Rice,2023-04-17,2023-07-04,91,2275,78,47,11120.2,yes,29,0,2023-07-04,-11120.2
369,Customer_369,customer369@mail.com,storing,Barley,2024-01-06,2024-02-13,169,8450,38,34,7278.27,yes,43,363350,2024-02-13,356071.73
1070,Customer_1070,customer1070@mail.com,sold,Barley,2023-01-07,2023-02-16,178,4450,40,35,8306.67,partial,42,0,2023-02-16,-8306.67
1450,Customer_1450,customer1450@mail.com,sold,Maize,2024-01-18,2024-07-01,31,775,165,53,9036.5,yes,38,0,2024-07-01,-9036.5
1291,Customer_1291,customer1291@mail.com,stored,Millet,2024-04-30,2024-06-18,152,7600,49,57,14151.2,yes,37,0,2024-06-18,-14151.2
349,Customer_349,customer349@mail.com,storing,Wheat,2023-07-27,2024-01-05,121,6050,162,53,34630.2,yes,53,320650,2024-01-05,286019.8
1607,Customer_1607,customer1607@mail.com,storing,Maize,2024-02-21,2024-08-16,144,7200,177,26,22089.6,yes,31,223200,2024-08-16,201110.4
875,Customer_875,customer875@mail.com,storing,Rice,2024-08-20,2024-11-18,98,4900,90,51,14994.0,yes,30,147000,2024-11-18,132006.0
647,Customer_647,customer647@mail.com,stored,Maize,2024-06-13,2024-09-29,198,4950,108,22,15681.6,partial,27,133650,2024-09-29,117968.4
1958,Customer_1958,customer1958@mail.com,sold,Maize,2023-04-19,2023-06-16,131,3275,58,40,10130.67,yes,39,0,2023-06-16,-10130.67
880,Customer_880,customer880@mail.com,storing,Rice,2023-06-16,2023-12-12,64,3200,179,53,20238.93,yes,35,112000,2023-12-12,91761.07
1512,Customer_1512,customer1512@mail.com,storing,Maize,2023-09-18,2023-10-21,57,1425,33,42,2633.4,partial,25,0,2023-10-21,-2633.4
199,Customer_199,customer199@mail.com,stored,Millet,2024-01-22,2024-04-02,131,6550,71,51,15811.7,no,39,0,2024-04-02,-15811.7
1227,Customer_1227,customer1227@mail.com,stored,Maize,2023-10-27,2024-02-25,88,2200,121,26,9228.27,no,45,99000,2024-02-25,89771.73
517,Customer_517,customer517@mail.com,stored,Millet,2023-04-25,2023-08-18,183,9150,115,38,26657.0,no,28,0,2023-08-18,-26657.0
1587,Customer_1587,customer1587@mail.com,sold,Sorghum,2023-05-11,2023-08-02,54,2700,83,35,5229.0,partial,27,0,2023-08-02,-5229.0
55,Customer_55,customer55@mail.com,storing,Sorghum,2023-06-24,2023-12-19,139,3475,178,58,47834.53,partial,48,0,2023-12-19,-47834.53
1771,Customer_1771,customer1771@mail.com,storing,Rice,2024-08-12,2025-01-08,117,5850,149,40,23244.0,partial,50,292500,2025-01-08,269256.0
965,Customer_965,customer965@mail.com,sold,Barley,2023-01-28,2023-02-09,15,375,12,57,342.0,yes,46,0,2023-02-09,-342.0
1031,Customer_1031,customer1031@mail.com,stored,Sorghum,2023-08-31,2024-01-21,108,5400,143,59,30373.2,yes,34,0,2024-01-21,-30373.2
708,Customer_708,customer708@mail.com,stored,Barley,2023-12-05,2024-02-07,98,2450,64,26,5435.73,no,31,75950,2024-02-07,70514.27
516,Customer_516,customer516@mail.com,sold,Sorghum,2023-02-24,2023-05-19,180,9000,84,45,22680.0,no,40,360000,2023-05-19,337320.0
1707,Customer_1707,customer1707@mail.com,sold,Barley,2023-02-02,2023-06-26,93,4650,144,41,18302.4,yes,43,0,2023-06-26,-18302.4
517,Customer_517,customer517@mail.com,sold,Sorghum,2023-09-30,2024-01-04,173,4325,96,25,13840.0,yes,40,173000,2024-01-04,159160.0
1426,Customer_1426,customer1426@mail.com,storing,Sorghum,2023-09-19,2023-10-17,16,800,28,26,388.27,partial,52,41600,2023-10-17,41211.73
1693,Customer_1693,customer1693@mail.com,sold,Sorghum,2023-12-22,2024-01-18,78,1950,27,51,3580.2,no,45,0,2024-01-18,-3580.2
1103,Customer_1103,customer1103@mail.com,stored,Sorghum,2023-12-29,2024-02-17,133,3325,50,49,10861.67,no,49,0,2024-02-17,-10861.67
894,Customer_894,customer894@mail.com,sold,Maize,2024-07-14,2024-10-04,148,3700,82,47,19013.07,no,40,148000,2024-10-04,128986.93
995,Customer_995,customer995@mail.com,stored,Barley,2023-07-19,2023-12-28,53,1325,162,33,9444.6,partial,34,0,2023-12-28,-9444.6
474,Customer_474,customer474@mail.com,sold,Wheat,2023-05-05,2023-07-09,42,2100,65,39,3549.0,partial,31,65100,2023-07-09,61551.0
953,Customer_953,customer953@mail.com,sold,Sorghum,2024-08-12,2025-02-01,21,525,173,52,6297.2,yes,41,21525,2025-02-01,15227.8
266,Customer_266,customer266@mail.com,storing,Rice,2024-01-29,2024-07-07,165,8250,160,55,48400.0,no,53,0,2024-07-07,-48400.0
966,Customer_966,customer966@mail.com,stored,Wheat,2023-10-19,2024-02-20,178,8900,124,36,26486.4,yes,35,0,2024-02-20,-26486.4
786,Customer_786,customer786@mail.com,stored,Millet,2024-02-03,2024-05-10,32,1600,97,23,2379.73,yes,44,70400,2024-05-10,68020.27
1964,Customer_1964,customer1964@mail.com,sold,Wheat,2023-12-05,2024-04-17,62,3100,134,40,11077.33,partial,53,164300,2024-04-17,153222.67
1685,Customer_1685,customer1685@mail.com,storing,Millet,2023-09-05,2023-11-25,17,425,81,39,1790.1,yes,29,0,2023-11-25,-1790.1
954,Customer_954,customer954@mail.com,stored,Rice,2023-02-07,2023-04-20,189,4725,72,48,21772.8,no,36,170100,2023-04-20,148327.2
1328,Customer_1328,customer1328@mail.com,sold,Maize,2024-08-23,2024-10-12,130,3250,50,26,5633.33,yes,51,165750,2024-10-12,160116.67
1047,Customer_1047,customer1047@mail.com,sold,Maize,2023-10-29,2024-03-29,76,1900,152,52,20023.47,yes,25,47500,2024-03-29,27476.53
1249,Customer_1249,customer1249@mail.com,sold,Sorghum,2023-03-18,2023-04-24,136,6800,37,27,4528.8,partial,28,0,2023-04-24,-4528.8
1639,Customer_1639,customer1639@mail.com,storing,Wheat,2024-08-19,2024-10-02,23,575,44,32,1079.47,partial,41,23575,2024-10-02,22495.53
1362,Customer_1362,customer1362@mail.com,sold,Wheat,2024-07-24,2025-01-14,188,4700,174,52,56700.8,no,47,220900,2025-01-14,164199.2
612,Customer_612,customer612@mail.com,storing,Barley,2024-04-23,2024-08-29,63,1575,128,29,7795.2,partial,46,0,2024-08-29,-7795.2
1794,Customer_1794,customer1794@mail.com,stored,Maize,2023-10-01,2023-12-09,74,1850,69,36,6127.2,yes,31,57350,2023-12-09,51222.8
902,Customer_902,customer902@mail.com,sold,Sorghum,2023-08-13,2023-11-23,94,4700,102,35,11186.0,no,48,225600,2023-11-23,214414.0
1364,Customer_1364,customer1364@mail.com,sold,Millet,2023-07-01,2023-12-10,155,3875,162,49,41013.0,no,32,124000,2023-12-10,82987.0
623,Customer_623,customer623@mail.com,stored,Maize,2023-09-02,2023-12-23,127,3175,112,48,22758.4,yes,28,88900,2023-12-23,66141.6
1230,Customer_1230,customer1230@mail.com,storing,Barley,2024-07-06,2024-11-02,175,8750,119,22,15271.67,no,39,0,2024-11-02,-15271.67
182,Customer_182,customer182@mail.com,sold,Wheat,2023-10-18,2024-02-20,172,4300,125,55,39416.67,partial,40,0,2024-02-20,-39416.67
1400,Customer_1400,customer1400@mail.com,storing,Sorghum,2023-11-12,2023-12-31,49,1225,49,44,3521.47,partial,28,0,2023-12-31,-3521.47
1037,Customer_1037,customer1037@mail.com,storing,Rice,2023-05-14,2023-06-19,14,350,36,26,436.8,yes,33,11550,2023-06-19,11113.2
1882,Customer_1882,customer1882@mail.com,storing,Barley,2024-06-11,2024-11-03,92,2300,145,30,13340.0,no,29,66700,2024-11-03,53360.0
1786,Customer_1786,customer1786@mail.com,storing,Millet,2023-05-21,2023-07-29,20,500,69,52,2392.0,yes,38,0,2023-07-29,-2392.0
1672,Customer_1672,customer1672@mail.com,stored,Wheat,2023-03-26,2023-07-16,152,3800,112,42,23833.6,yes,51,193800,2023-07-16,169966.4
1508,Customer_1508,customer1508@mail.com,sold,Sorghum,2023-03-22,2023-06-14,174,8700,84,20,9744.0,yes,40,348000,2023-06-14,338256.0
1216,Customer_1216,customer1216@mail.com,stored,Rice,2023-06-04,2023-06-17,53,1325,13,34,780.87,no,53,70225,2023-06-17,69444.13
1554,Customer_1554,customer1554@mail.com,storing,Millet,2023-06-07,2023-08-01,56,1400,55,28,2874.67,partial,40,0,2023-08-01,-2874.67
212,Customer_212,customer212@mail.com,sold,Wheat,2023-04-25,2023-06-24,48,2400,60,38,3648.0,no,49,0,2023-06-24,-3648.0
62,Customer_62,customer62@mail.com,stored,Rice,2023-06-06,2023-07-22,20,1000,46,60,1840.0,partial,28,28000,2023-07-22,26160.0
359,Customer_359,customer359@mail.com,stored,Millet,2024-07-20,2024-09-24,154,7700,66,23,7792.4,no,52,400400,2024-09-24,392607.6
1309,Customer_1309,customer1309@mail.com,sold,Maize,2023-04-26,2023-06-01,159,3975,36,41,7822.8,no,53,210675,2023-06-01,202852.2
1910,Customer_1910,customer1910@mail.com,storing,Wheat,2023-09-07,2024-01-19,103,5150,134,58,26683.87,partial,26,133900,2024-01-19,107216.13
1800,Customer_1800,customer1800@mail.com,sold,Barley,2023-06-18,2023-12-12,138,3450,177,54,43966.8,partial,35,0,2023-12-12,-43966.8
847,Customer_847,customer847@mail.com,stored,Wheat,2023-06-27,2023-11-10,131,3275,136,37,21973.07,partial,45,0,2023-11-10,-21973.07
1264,Customer_1264,customer1264@mail.com,storing,Sorghum,2023-05-13,2023-08-10,145,7250,89,27,11614.5,partial,54,0,2023-08-10,-11614.5
1008,Customer_1008,customer1008@mail.com,stored,Barley,2024-05-23,2024-07-09,196,4900,47,44,13510.93,yes,38,0,2024-07-09,-13510.93
709,Customer_709,customer709@mail.com,stored,Millet,2024-07-24,2024-12-06,127,3175,135,48,27432.0,yes,38,0,2024-12-06,-27432.0
106,Customer_106,customer106@mail.com,storing,Sorghum,2023-01-03,2023-01-13,106,2650,10,22,777.33,no,41,108650,2023-01-13,107872.67
306,Customer_306,customer306@mail.com,storing,Sorghum,2023-07-15,2023-08-26,33,1650,42,59,2725.8,yes,29,0,2023-08-26,-2725.8
404,Customer_404,customer404@mail.com,sold,Rice,2024-03-18,2024-06-16,190,9500,90,32,18240.0,partial,25,0,2024-06-16,-18240.0
1639,Customer_1639,customer1639@mail.com,storing,Rice,2023-03-14,2023-06-09,32,1600,87,38,3526.4,partial,42,0,2023-06-09,-3526.4
1290,Customer_1290,customer1290@mail.com,stored,Wheat,2023-09-11,2024-01-31,135,3375,142,24,15336.0,partial,38,128250,2024-01-31,112914.0
219,Customer_219,customer219@mail.com,storing,Sorghum,2024-05-19,2024-08-23,140,7000,96,32,14336.0,no,52,0,2024-08-23,-14336.0
69,Customer_69,customer69@mail.com,sold,Sorghum,2024-01-28,2024-07-14,155,3875,168,34,29512.0,yes,41,158875,2024-07-14,129363.0
1770,Customer_1770,customer1770@mail.com,stored,Maize,2023-09-10,2023-12-08,178,4450,89,26,13729.73,yes,51,226950,2023-12-08,213220.27
513,Customer_513,customer513@mail.com,storing,Rice,2023-05-20,2023-05-31,175,8750,11,58,3721.67,yes,35,0,2023-05-31,-3721.67
706,Customer_706,customer706@mail.com,storing,Barley,2023-07-30,2023-12-31,178,8900,154,31,28325.73,yes,46,409400,2023-12-31,381074.27
1142,Customer_1142,customer1142@mail.com,stored,Wheat,2023-09-08,2023-10-29,77,1925,51,56,7330.4,no,34,65450,2023-10-29,58119.6
1026,Customer_1026,customer1026@mail.com,sold,Sorghum,2023-07-07,2023-08-28,50,1250,52,46,3986.67,yes,31,0,2023-08-28,-3986.67
1986,Customer_1986,customer1986@mail.com,sold,Millet,2023-05-20,2023-09-12,156,7800,115,35,20930.0,no,27,210600,2023-09-12,189670.0
109,Customer_109,customer109@mail.com,storing,Millet,2024-01-08,2024-05-09,113,2825,122,58,26652.93,partial,49,0,2024-05-09,-26652.93
348,Customer_348,customer348@mail.com,storing,Millet,2023-03-20,2023-04-01,46,2300,12,29,533.6,yes,51,117300,2023-04-01,116766.4
148,Customer_148,customer148@mail.com,sold,Barley,2023-08-20,2023-09-07,191,4775,18,41,4698.6,partial,30,0,2023-09-07,-4698.6
32,Customer_32,customer32@mail.com,storing,Barley,2023-04-07,2023-08-01,56,1400,116,20,4330.67,yes,45,63000,2023-08-01,58669.33
1947,Customer_1947,customer1947@mail.com,sold,Barley,2023-04-12,2023-10-04,107,2675,175,36,22470.0,partial,43,0,2023-10-04,-22470.0
1217,Customer_1217,customer1217@mail.com,stored,Wheat,2023-12-13,2024-05-08,144,7200,147,31,21873.6,no,55,396000,2024-05-08,374126.4
1592,Customer_1592,customer1592@mail.com,stored,Sorghum,2024-03-15,2024-05-29,37,925,75,22,2035.0,no,36,33300,2024-05-29,31265.0
1054,Customer_1054,customer1054@mail.com,sold,Barley,2023-01-29,2023-07-06,33,825,158,59,10254.2,partial,43,0,2023-07-06,-10254.2
1130,Customer_1130,customer1130@mail.com,storing,Sorghum,2023-05-14,2023-07-15,96,2400,62,59,11705.6,no,34,0,2023-07-15,-11705.6
1498,Customer_1498,customer1498@mail.com,stored,Maize,2024-06-06,2024-06-24,157,3925,18,22,2072.4,no,43,0,2024-06-24,-2072.4
687,Customer_687,customer687@mail.com,stored,Barley,2023-10-05,2023-12-28,42,2100,84,48,5644.8,no,49,0,2023-12-28,-5644.8
736,Customer_736,customer736@mail.com,storing,Barley,2023-11-11,2024-03-06,60,1500,116,57,13224.0,no,32,48000,2024-03-06,34776.0
355,Customer_355,customer355@mail.com,stored,Sorghum,2024-05-17,2024-06-11,61,3050,25,39,1982.5,no,50,0,2024-06-11,-1982.5
1806,Customer_1806,customer1806@mail.com,sold,Maize,2023-03-21,2023-08-28,51,2550,160,32,8704.0,no,48,122400,2023-08-28,113696.0
1274,Customer_1274,customer1274@mail.com,storing,Barley,2024-02-19,2024-03-02,200,5000,12,30,2400.0,partial,25,125000,2024-03-02,122600.0
691,Customer_691,customer691@mail.com,storing,Barley,2024-06-17,2024-12-08,56,1400,174,54,17539.2,partial,36,0,2024-12-08,-17539.2
1731,Customer_1731,customer1731@mail.com,stored,Wheat,2023-04-14,2023-06-20,52,2600,67,45,5226.0,yes,30,78000,2023-06-20,72774.0
522,Customer_522,customer522@mail.com,stored,Millet,2024-02-28,2024-08-24,29,725,178,35,6022.33,no,55,39875,2024-08-24,33852.67
652,Customer_652,customer652@mail.com,storing,Millet,2024-04-10,2024-08-30,49,1225,142,55,12756.33,yes,33,40425,2024-08-30,27668.67
1831,Customer_1831,customer1831@mail.com,stored,Barley,2023-02-16,2023-03-16,178,4450,28,44,7309.87,no,47,0,2023-03-16,-7309.87
878,Customer_878,customer878@mail.com,sold,Maize,2024-07-19,2024-08-21,125,3125,33,32,4400.0,yes,46,143750,2024-08-21,139350.0
415,Customer_415,customer415@mail.com,stored,Barley,2024-06-02,2024-10-10,83,4150,130,60,21580.0,no,54,0,2024-10-10,-21580.0
1480,Customer_1480,customer1480@mail.com,stored,Rice,2024-02-06,2024-03-02,60,3000,25,53,2650.0,no,25,0,2024-03-02,-2650.0
1416,Customer_1416,customer1416@mail.com,sold,Millet,2024-04-26,2024-08-03,37,1850,99,36,4395.6,no,54,0,2024-08-03,-4395.6
1955,Customer_1955,customer1955@mail.com,sold,Rice,2023-02-22,2023-05-29,129,3225,96,27,11145.6,no,52,0,2023-05-29,-11145.6
551,Customer_551,customer551@mail.com,storing,Sorghum,2024-01-04,2024-02-22,184,9200,49,24,7212.8,yes,26,239200,2024-02-22,231987.2
832,Customer_832,customer832@mail.com,stored,Wheat,2024-07-02,2024-11-21,197,9850,142,53,49420.73,partial,44,433400,2024-11-21,383979.27
551,Customer_551,customer551@mail.com,sold,Sorghum,2024-01-03,2024-02-06,64,3200,34,29,2103.47,partial,39,0,2024-02-06,-2103.47
1835,Customer_1835,customer1835@mail.com,stored,Wheat,2024-03-21,2024-06-20,20,1000,91,34,2062.67,no,51,0,2024-06-20,-2062.67
760,Customer_760,customer760@mail.com,storing,Sorghum,2023-04-20,2023-05-02,53,1325,12,50,1060.0,partial,47,62275,2023-05-02,61215.0
548,Customer_548,customer548@mail.com,storing,Wheat,2023-03-31,2023-09-04,167,4175,157,41,35832.63,yes,41,171175,2023-09-04,135342.37
1486,Customer_1486,customer1486@mail.com,stored,Maize,2024-06-06,2024-12-03,90,2250,180,29,15660.0,partial,48,108000,2024-12-03,92340.0
1463,Customer_1463,customer1463@mail.com,storing,Rice,2023-01-03,2023-05-25,129,6450,142,46,28087.6,yes,33,0,2023-05-25,-28087.6
1593,Customer_1593,customer1593@mail.com,sold,Millet,2023-03-27,2023-05-31,98,2450,65,27,5733.0,partial,35,0,2023-05-31,-5733.0
643,Customer_643,customer643@mail.com,stored,Wheat,2023-02-03,2023-06-19,93,2325,136,38,16020.8,partial,46,0,2023-06-19,-16020.8
1931,Customer_1931,customer1931@mail.com,sold,Wheat,2023-12-27,2024-02-26,136,6800,61,48,13273.6,no,47,319600,2024-02-26,306326.4
707,Customer_707,customer707@mail.com,stored,Rice,2023-01-20,2023-04-22,29,725,92,39,3468.4,partial,51,36975,2023-04-22,33506.6
1664,Customer_1664,customer1664@mail.com,sold,Rice,2024-01-07,2024-06-30,179,4475,175,45,46987.5,no,29,129775,2024-06-30,82787.5
1518,Customer_1518,customer1518@mail.com,sold,Maize,2023-03-22,2023-07-21,154,3850,121,42,26087.6,yes,27,103950,2023-07-21,77862.4
280,Customer_280,customer280@mail.com,sold,Maize,2023-11-05,2024-02-03,22,550,90,48,3168.0,no,37,0,2024-02-03,-3168.0
626,Customer_626,customer626@mail.com,sold,Millet,2023-01-28,2023-05-04,123,3075,96,52,20467.2,no,29,89175,2023-05-04,68707.8
1825,Customer_1825,customer1825@mail.com,stored,Maize,2023-03-07,2023-06-23,11,275,108,23,910.8,partial,33,9075,2023-06-23,8164.2
1268,Customer_1268,customer1268@mail.com,stored,Sorghum,2024-08-05,2024-11-28,115,2875,115,20,8816.67,yes,34,97750,2024-11-28,88933.33
1199,Customer_1199,customer1199@mail.com,stored,Maize,2023-02-07,2023-07-18,81,4050,161,49,21300.3,partial,52,0,2023-07-18,-21300.3
184,Customer_184,customer184@mail.com,storing,Rice,2023-01-29,2023-05-22,139,6950,113,25,13089.17,yes,29,0,2023-05-22,-13089.17
1504,Customer_1504,customer1504@mail.com,storing,Maize,2023-10-06,2023-11-25,134,3350,50,34,7593.33,no,40,134000,2023-11-25,126406.67
1951,Customer_1951,customer1951@mail.com,sold,Sorghum,2023-07-31,2023-12-15,193,4825,137,24,21152.8,no,30,0,2023-12-15,-21152.8
1604,Customer_1604,customer1604@mail.com,stored,Sorghum,2023-07-26,2023-12-17,16,800,144,56,4300.8,yes,34,0,2023-12-17,-4300.8
136,Customer_136,customer136@mail.com,storing,Wheat,2023-03-02,2023-08-25,138,3450,176,60,48576.0,partial,49,169050,2023-08-25,120474.0
1213,Customer_1213,customer1213@mail.com,storing,Rice,2024-03-30,2024-06-11,199,9950,73,27,13074.3,yes,33,328350,2024-06-11,315275.7
1350,Customer_1350,customer1350@mail.com,stored,Sorghum,2024-07-17,2024-11-01,168,4200,107,33,19773.6,yes,38,0,2024-11-01,-19773.6
1249,Customer_1249,customer1249@mail.com,stored,Wheat,2023-11-10,2023-11-22,80,2000,12,48,1536.0,no,40,80000,2023-11-22,78464.0
1646,Customer_1646,customer1646@mail.com,stored,Rice,2023-06-11,2023-09-06,140,7000,87,33,13398.0,partial,48,336000,2023-09-06,322602.0
1088,Customer_1088,customer1088@mail.com,stored,Barley,2023-02-08,2023-05-09,164,8200,90,25,12300.0,no,31,254200,2023-05-09,241900.0
292,Customer_292,customer292@mail.com,stored,Maize,2023-11-20,2024-04-27,26,1300,159,56,7716.8,yes,26,33800,2024-04-27,26083.2
747,Customer_747,customer747@mail.com,storing,Barley,2024-05-26,2024-09-03,143,3575,100,23,10963.33,yes,28,0,2024-09-03,-10963.33
1060,Customer_1060,customer1060@mail.com,stored,Millet,2024-06-28,2024-07-25,159,3975,27,35,5008.5,partial,40,159000,2024-07-25,153991.5
1945,Customer_1945,customer1945@mail.com,sold,Maize,2024-01-09,2024-02-04,166,4150,26,37,5323.07,partial,43,0,2024-02-04,-5323.07
1076,Customer_1076,customer1076@mail.com,storing,Maize,2023-02-07,2023-02-23,54,2700,16,25,720.0,no,50,135000,2023-02-23,134280.0
586,Customer_586,customer586@mail.com,storing,Sorghum,2023-03-30,2023-09-07,80,2000,161,58,24901.33,no,46,92000,2023-09-07,67098.67
1439,Customer_1439,customer1439@mail.com,sold,Wheat,2024-07-12,2024-11-08,111,2775,119,22,9686.6,partial,30,0,2024-11-08,-9686.6
1534,Customer_1534,customer1534@mail.com,storing,Millet,2023-08-24,2023-12-10,69,3450,108,44,10929.6,yes,50,0,2023-12-10,-10929.6
1365,Customer_1365,customer1365@mail.com,stored,Wheat,2023-07-30,2023-12-28,121,6050,151,42,25579.4,yes,44,266200,2023-12-28,240620.6
1813,Customer_1813,customer1813@mail.com,stored,Millet,2024-04-06,2024-04-27,131,6550,21,54,4951.8,no,29,189950,2024-04-27,184998.2
860,Customer_860,customer860@mail.com,storing,Maize,2024-07-25,2024-08-05,103,2575,11,31,1170.77,no,41,0,2024-08-05,-1170.77
2000,Customer_2000,customer2000@mail.com,sold,Wheat,2024-07-22,2024-11-26,144,7200,127,39,23774.4,no,43,0,2024-11-26,-23774.4
720,Customer_720,customer720@mail.com,sold,Rice,2023-04-06,2023-05-15,105,2625,39,47,6415.5,no,55,144375,2023-05-15,137959.5
726,Customer_726,customer726@mail.com,stored,Millet,2023-07-02,2023-08-04,174,4350,33,29,5550.6,partial,37,0,2023-08-04,-5550.6
1240,Customer_1240,customer1240@mail.com,storing,Maize,2024-07-18,2024-10-15,100,5000,89,47,13943.33,yes,51,255000,2024-10-15,241056.67
1095,Customer_1095,customer1095@mail.com,storing,Rice,2023-12-05,2024-02-08,28,700,65,27,1638.0,partial,41,0,2024-02-08,-1638.0
1149,Customer_1149,customer1149@mail.com,stored,Rice,2023-03-17,2023-09-04,62,3100,171,34,12015.6,no,49,151900,2023-09-04,139884.4
1555,Customer_1555,customer1555@mail.com,storing,Barley,2023-12-02,2023-12-31,140,3500,29,43,5819.33,no,26,91000,2023-12-31,85180.67
896,Customer_896,customer896@mail.com,stored,Sorghum,2023-02-23,2023-07-03,155,7750,130,34,22836.67,no,40,310000,2023-07-03,287163.33
1533,Customer_1533,customer1533@mail.com,stored,Wheat,2024-07-27,2024-12-17,53,1325,143,26,6568.47,yes,42,0,2024-12-17,-6568.47
474,Customer_474,customer474@mail.com,stored,Sorghum,2024-06-03,2024-08-03,106,2650,61,31,6681.53,no,46,121900,2024-08-03,115218.47
1330,Customer_1330,customer1330@mail.com,sold,Rice,2023-08-03,2023-11-13,189,9450,102,41,26346.6,partial,32,0,2023-11-13,-26346.6
566,Customer_566,customer566@mail.com,storing,Barley,2023-04-17,2023-05-20,123,6150,33,60,8118.0,no,39,0,2023-05-20,-8118.0
178,Customer_178,customer178@mail.com,storing,Rice,2023-04-05,2023-04-19,161,8050,14,22,1652.93,yes,48,386400,2023-04-19,384747.07
1281,Customer_1281,customer1281@mail.com,storing,Barley,2024-01-07,2024-04-23,48,2400,107,32,5478.4,yes,39,93600,2024-04-23,88121.6
465,Customer_465,customer465@mail.com,storing,Rice,2024-06-22,2024-10-09,178,8900,109,51,32983.4,yes,55,489500,2024-10-09,456516.6
189,Customer_189,customer189@mail.com,storing,Sorghum,2024-01-08,2024-03-28,149,7450,80,27,10728.0,partial,43,0,2024-03-28,-10728.0
326,Customer_326,customer326@mail.com,storing,Maize,2024-06-23,2024-09-25,164,4100,94,47,24151.73,partial,51,0,2024-09-25,-24151.73
1154,Customer_1154,customer1154@mail.com,stored,Millet,2024-01-13,2024-04-04,15,375,82,26,1066.0,yes,47,0,2024-04-04,-1066.0
1408,Customer_1408,customer1408@mail.com,storing,Rice,2024-06-18,2024-07-29,93,4650,41,32,4067.2,partial,55,0,2024-07-29,-4067.2
1713,Customer_1713,customer1713@mail.com,stored,Sorghum,2023-04-11,2023-08-15,41,2050,126,48,8265.6,yes,25,0,2023-08-15,-8265.6
1217,Customer_1217,customer1217@mail.com,sold,Barley,2023-08-30,2024-02-10,180,4500,164,32,31488.0,no,41,184500,2024-02-10,153012.0
786,Customer_786,customer786@mail.com,storing,Maize,2023-06-13,2023-10-12,116,2900,121,55,25732.67,yes,35,0,2023-10-12,-25732.67
1882,Customer_1882,customer1882@mail.com,sold,Rice,2023-11-29,2024-01-03,146,3650,35,35,5961.67,partial,54,0,2024-01-03,-5961.67
406,Customer_406,customer406@mail.com,storing,Millet,2023-01-14,2023-05-05,46,2300,111,28,4765.6,yes,50,0,2023-05-05,-4765.6
797,Customer_797,customer797@mail.com,sold,Sorghum,2024-01-14,2024-02-05,51,1275,22,38,1421.2,no,33,42075,2024-02-05,40653.8
1329,Customer_1329,customer1329@mail.com,sold,Maize,2024-04-12,2024-09-12,42,1050,153,35,7497.0,no,39,0,2024-09-12,-7497.0
345,Customer_345,customer345@mail.com,storing,Rice,2023-10-28,2023-11-20,176,4400,23,31,4182.93,partial,44,0,2023-11-20,-4182.93
575,Customer_575,customer575@mail.com,storing,Rice,2023-03-24,2023-06-27,40,1000,95,39,4940.0,yes,55,55000,2023-06-27,50060.0
861,Customer_861,customer861@mail.com,sold,Sorghum,2023-03-06,2023-06-12,160,4000,98,55,28746.67,yes,26,0,2023-06-12,-28746.67
282,Customer_282,customer282@mail.com,sold,Maize,2023-09-30,2024-03-18,200,10000,170,29,32866.67,yes,44,440000,2024-03-18,407133.33
1051,Customer_1051,customer1051@mail.com,sold,Millet,2023-01-07,2023-05-17,171,4275,130,39,28899.0,partial,55,235125,2023-05-17,206226.0
975,Customer_975,customer975@mail.com,sold,Millet,2024-01-19,2024-04-29,37,925,101,30,3737.0,partial,27,0,2024-04-29,-3737.0
1070,Customer_1070,customer1070@mail.com,stored,Maize,2023-10-22,2023-11-11,11,275,20,21,154.0,no,36,0,2023-11-11,-154.0
642,Customer_642,customer642@mail.com,sold,Sorghum,2024-04-30,2024-06-15,94,4700,46,46,6630.13,no,30,0,2024-06-15,-6630.13
1886,Customer_1886,customer1886@mail.com,storing,Millet,2023-08-15,2023-12-12,90,4500,119,28,9996.0,partial,26,117000,2023-12-12,107004.0
1768,Customer_1768,customer1768@mail.com,storing,Rice,2023-07-27,2023-10-02,162,4050,67,39,14110.2,partial,25,101250,2023-10-02,87139.8
751,Customer_751,customer751@mail.com,stored,Sorghum,2024-01-23,2024-07-17,141,7050,176,51,42187.2,partial,43,0,2024-07-17,-42187.2
859,Customer_859,customer859@mail.com,storing,Millet,2023-02-12,2023-07-13,35,1750,151,57,10041.5,no,34,0,2023-07-13,-10041.5
1477,Customer_1477,customer1477@mail.com,storing,Wheat,2023-09-26,2023-12-30,82,4100,95,27,7011.0,partial,50,205000,2023-12-30,197989.0
1032,Customer_1032,customer1032@mail.com,sold,Millet,2024-06-10,2024-07-10,33,1650,30,23,759.0,partial,28,46200,2024-07-10,45441.0
1845,Customer_1845,customer1845@mail.com,stored,Maize,2023-06-01,2023-11-14,37,925,166,29,5937.27,no,45,41625,2023-11-14,35687.73
1319,Customer_1319,customer1319@mail.com,storing,Sorghum,2023-05-02,2023-10-26,64,3200,177,24,9062.4,partial,33,0,2023-10-26,-9062.4
479,Customer_479,customer479@mail.com,storing,Barley,2023-04-25,2023-09-20,78,1950,148,25,9620.0,partial,43,83850,2023-09-20,74230.0
1668,Customer_1668,customer1668@mail.com,stored,Rice,2024-08-10,2024-10-12,112,2800,63,53,12465.6,partial,53,148400,2024-10-12,135934.4
876,Customer_876,customer876@mail.com,storing,Sorghum,2024-08-03,2024-12-09,14,350,128,45,2688.0,partial,32,0,2024-12-09,-2688.0
882,Customer_882,customer882@mail.com,sold,Maize,2024-01-26,2024-02-29,27,675,34,43,1315.8,no,42,28350,2024-02-29,27034.2
433,Customer_433,customer433@mail.com,storing,Maize,2023-06-13,2023-11-02,58,2900,142,43,11804.93,partial,26,75400,2023-11-02,63595.07
1613,Customer_1613,customer1613@mail.com,stored,Millet,2023-06-20,2023-12-09,29,1450,172,46,7648.27,partial,46,0,2023-12-09,-7648.27
653,Customer_653,customer653@mail.com,stored,Rice,2024-02-05,2024-03-21,70,3500,45,33,3465.0,partial,40,0,2024-03-21,-3465.0
167,Customer_167,customer167@mail.com,storing,Wheat,2023-11-02,2024-04-04,53,2650,154,24,6529.6,partial,44,116600,2024-04-04,110070.4
1891,Customer_1891,customer1891@mail.com,stored,Wheat,2023-09-15,2023-11-19,138,6900,65,50,14950.0,partial,52,0,2023-11-19,-14950.0
108,Customer_108,customer108@mail.com,storing,Wheat,2024-07-05,2024-11-07,102,5100,125,46,19550.0,yes,35,178500,2024-11-07,158950.0
632,Customer_632,customer632@mail.com,stored,Barley,2023-03-13,2023-03-27,75,1875,14,21,735.0,yes,30,0,2023-03-27,-735.0
470,Customer_470,customer470@mail.com,stored,Barley,2023-02-11,2023-05-28,166,4150,106,29,17009.47,partial,30,124500,2023-05-28,107490.53
134,Customer_134,customer134@mail.com,sold,Maize,2023-08-28,2023-10-20,111,5550,53,37,7255.7,no,25,0,2023-10-20,-7255.7
1638,Customer_1638,customer1638@mail.com,stored,Rice,2024-03-06,2024-08-23,73,1825,170,58,23992.67,partial,39,71175,2024-08-23,47182.33
558,Customer_558,customer558@mail.com,sold,Sorghum,2023-08-11,2023-11-14,195,9750,95,33,20377.5,yes,30,0,2023-11-14,-20377.5
392,Customer_392,customer392@mail.com,stored,Wheat,2024-01-22,2024-05-27,133,6650,126,40,22344.0,partial,27,0,2024-05-27,-22344.0
992,Customer_992,customer992@mail.com,stored,Wheat,2023-04-28,2023-09-18,138,3450,143,53,34863.4,yes,52,0,2023-09-18,-34863.4
413,Customer_413,customer413@mail.com,sold,Sorghum,2023-09-20,2023-10-15,39,975,25,24,780.0,yes,35,0,2023-10-15,-780.0
645,Customer_645,customer645@mail.com,stored,Barley,2024-02-12,2024-06-24,86,2150,133,51,19444.6,no,32,68800,2024-06-24,49355.4
137,Customer_137,customer137@mail.com,stored,Millet,2023-07-11,2023-11-09,32,1600,121,52,6711.47,yes,25,0,2023-11-09,-6711.47
1129,Customer_1129,customer1129@mail.com,storing,Rice,2023-01-17,2023-05-17,198,9900,120,24,19008.0,partial,50,495000,2023-05-17,475992.0
319,Customer_319,customer319@mail.com,sold,Millet,2024-05-18,2024-06-20,192,4800,33,20,4224.0,no,25,120000,2024-06-20,115776.0
169,Customer_169,customer169@mail.com,storing,Wheat,2024-03-12,2024-07-31,35,875,141,39,6415.5,yes,28,24500,2024-07-31,18084.5
1689,Customer_1689,customer1689@mail.com,sold,Rice,2023-12-12,2024-01-17,99,2475,36,24,2851.2,partial,49,121275,2024-01-17,118423.8
904,Customer_904,customer904@mail.com,stored,Sorghum,2023-03-10,2023-05-07,98,2450,58,48,9094.4,partial,54,0,2023-05-07,-9094.4
572,Customer_572,customer572@mail.com,storing,Wheat,2024-01-04,2024-06-02,179,4475,150,25,22375.0,partial,27,120825,2024-06-02,98450.0
578,Customer_578,customer578@mail.com,sold,Millet,2023-09-09,2023-11-18,41,2050,70,52,4974.67,yes,42,0,2023-11-18,-4974.67
1528,Customer_1528,customer1528@mail.com,stored,Rice,2023-01-01,2023-06-29,74,3700,179,49,21635.13,yes,37,0,2023-06-29,-21635.13
1085,Customer_1085,customer1085@mail.com,storing,Wheat,2024-07-20,2025-01-10,73,3650,174,21,8891.4,partial,52,189800,2025-01-10,180908.6
849,Customer_849,customer849@mail.com,storing,Barley,2024-02-27,2024-04-15,175,4375,48,20,5600.0,no,42,0,2024-04-15,-5600.0
107,Customer_107,customer107@mail.com,sold,Rice,2024-06-10,2024-11-09,77,1925,152,38,14825.07,partial,40,77000,2024-11-09,62174.93
1387,Customer_1387,customer1387@mail.com,stored,Wheat,2024-01-08,2024-02-27,13,325,50,33,715.0,partial,31,0,2024-02-27,-715.0
1833,Customer_1833,customer1833@mail.com,sold,Sorghum,2023-09-12,2023-11-01,51,1275,50,60,5100.0,no,42,53550,2023-11-01,48450.0
714,Customer_714,customer714@mail.com,storing,Rice,2023-08-21,2023-12-15,62,3100,116,59,14144.27,no,48,148800,2023-12-15,134655.73
1953,Customer_1953,customer1953@mail.com,storing,Sorghum,2023-02-28,2023-06-14,57,2850,106,41,8257.4,no,30,0,2023-06-14,-8257.4
44,Customer_44,customer44@mail.com,storing,Maize,2024-07-25,2024-10-28,183,9150,95,25,14487.5,partial,51,0,2024-10-28,-14487.5
1608,Customer_1608,customer1608@mail.com,stored,Millet,2024-08-17,2024-09-30,107,5350,44,26,4080.27,partial,39,208650,2024-09-30,204569.73
1123,Customer_1123,customer1123@mail.com,stored,Rice,2023-02-23,2023-03-29,32,800,34,25,906.67,partial,41,32800,2023-03-29,31893.33
1568,Customer_1568,customer1568@mail.com,sold,Barley,2023-06-05,2023-11-17,14,350,165,26,2002.0,no,46,16100,2023-11-17,14098.0
861,Customer_861,customer861@mail.com,stored,Millet,2023-10-28,2024-02-08,116,5800,103,26,10354.93,yes,35,203000,2024-02-08,192645.07
183,Customer_183,customer183@mail.com,stored,Rice,2024-03-22,2024-07-13,136,6800,113,41,21002.93,no,50,0,2024-07-13,-21002.93
213,Customer_213,customer213@mail.com,sold,Wheat,2024-04-20,2024-08-22,174,8700,124,44,31644.8,partial,40,0,2024-08-22,-31644.8
365,Customer_365,customer365@mail.com,sold,Maize,2024-05-21,2024-06-01,78,1950,11,51,1458.6,yes,44,0,2024-06-01,-1458.6
1665,Customer_1665,customer1665@mail.com,storing,Maize,2023-04-12,2023-07-04,193,4825,83,45,24028.5,partial,52,0,2023-07-04,-24028.5
17,Customer_17,customer17@mail.com,storing,Maize,2024-04-28,2024-07-07,84,2100,70,56,10976.0,no,33,0,2024-07-07,-10976.0
1220,Customer_1220,customer1220@mail.com,storing,Millet,2024-05-01,2024-10-11,47,2350,163,28,7150.27,yes,52,0,2024-10-11,-7150.27
909,Customer_909,customer909@mail.com,stored,Maize,2023-03-04,2023-05-18,58,1450,75,31,4495.0,no,29,42050,2023-05-18,37555.0
389,Customer_389,customer389@mail.com,sold,Millet,2023-08-21,2024-01-05,199,9950,137,59,53617.23,no,45,447750,2024-01-05,394132.77
1148,Customer_1148,customer1148@mail.com,stored,Wheat,2023-06-06,2023-11-14,150,7500,161,46,37030.0,no,34,0,2023-11-14,-37030.0
1273,Customer_1273,customer1273@mail.com,sold,Maize,2024-03-22,2024-04-16,123,6150,25,60,6150.0,yes,25,0,2024-04-16,-6150.0
1704,Customer_1704,customer1704@mail.com,storing,Rice,2023-10-17,2024-04-11,29,1450,177,52,8897.2,no,54,0,2024-04-11,-8897.2
896,Customer_896,customer896@mail.com,storing,Maize,2023-09-13,2023-12-04,180,4500,82,30,14760.0,partial,45,0,2023-12-04,-14760.0
1115,Customer_1115,customer1115@mail.com,sold,Barley,2023-07-23,2023-12-16,195,4875,146,46,43654.0,yes,33,0,2023-12-16,-43654.0
1330,Customer_1330,customer1330@mail.com,storing,Sorghum,2023-10-09,2023-12-23,139,3475,75,37,12857.5,yes,52,180700,2023-12-23,167842.5
728,Customer_728,customer728@mail.com,sold,Barley,2024-05-19,2024-06-05,10,500,17,52,294.67,yes,50,0,2024-06-05,-294.67
1362,Customer_1362,customer1362@mail.com,storing,Barley,2024-06-06,2024-06-21,78,1950,15,36,1404.0,no,33,64350,2024-06-21,62946.0
1403,Customer_1403,customer1403@mail.com,sold,Maize,2023-11-11,2024-01-02,12,600,52,36,748.8,yes,25,15000,2024-01-02,14251.2
1686,Customer_1686,customer1686@mail.com,stored,Sorghum,2023-09-21,2024-02-08,27,1350,140,60,7560.0,partial,36,48600,2024-02-08,41040.0
134,Customer_134,customer134@mail.com,sold,Sorghum,2024-07-13,2024-08-15,101,2525,33,25,2777.5,yes,40,0,2024-08-15,-2777.5
1955,Customer_1955,customer1955@mail.com,sold,Wheat,2023-04-26,2023-08-02,200,10000,98,57,37240.0,yes,45,450000,2023-08-02,412760.0
1999,Customer_1999,customer1999@mail.com,stored,Maize,2023-09-04,2023-11-27,95,2375,84,50,13300.0,yes,32,76000,2023-11-27,62700.0
1391,Customer_1391,customer1391@mail.com,stored,Millet,2024-07-30,2025-01-24,109,2725,178,50,32336.67,partial,46,0,2025-01-24,-32336.67
1137,Customer_1137,customer1137@mail.com,stored,Barley,2023-09-25,2023-12-08,124,3100,74,41,12540.53,partial,33,0,2023-12-08,-12540.53
1011,Customer_1011,customer1011@mail.com,stored,Barley,2023-08-12,2023-10-24,25,625,73,46,2798.33,partial,38,23750,2023-10-24,20951.67
1753,Customer_1753,customer1753@mail.com,stored,Maize,2024-02-08,2024-06-04,14,350,117,34,1856.4,partial,34,0,2024-06-04,-1856.4
1490,Customer_1490,customer1490@mail.com,sold,Maize,2023-12-08,2024-05-18,37,925,162,50,9990.0,yes,51,47175,2024-05-18,37185.0
943,Customer_943,customer943@mail.com,stored,Rice,2023-01-16,2023-04-20,130,3250,94,30,12220.0,yes,34,0,2023-04-20,-12220.0
1892,Customer_1892,customer1892@mail.com,sold,Rice,2023-03-10,2023-07-23,147,7350,135,47,31090.5,partial,38,0,2023-07-23,-31090.5
1300,Customer_1300,customer1300@mail.com,storing,Millet,2023-02-27,2023-03-19,105,2625,20,50,3500.0,partial,44,115500,2023-03-19,112000.0
1964,Customer_1964,customer1964@mail.com,stored,Rice,2023-01-16,2023-02-27,86,4300,42,56,6742.4,partial,39,0,2023-02-27,-6742.4
1369,Customer_1369,customer1369@mail.com,stored,Wheat,2023-02-01,2023-05-15,161,8050,103,34,18794.07,yes,27,217350,2023-05-15,198555.93
196,Customer_196,customer196@mail.com,sold,Wheat,2024-05-30,2024-10-26,114,2850,149,23,13022.6,yes,38,108300,2024-10-26,95277.4
354,Customer_354,customer354@mail.com,storing,Millet,2024-07-21,2024-08-02,103,5150,12,43,1771.6,partial,52,267800,2024-08-02,266028.4
336,Customer_336,customer336@mail.com,stored,Millet,2023-05-21,2023-11-15,29,725,178,52,8947.47,partial,40,29000,2023-11-15,20052.53
1429,Customer_1429,customer1429@mail.com,sold,Wheat,2023-02-25,2023-06-12,118,2950,107,22,9259.07,yes,51,0,2023-06-12,-9259.07
1216,Customer_1216,customer1216@mail.com,sold,Rice,2023-08-04,2023-12-26,108,2700,144,53,27475.2,partial,43,116100,2023-12-26,88624.8
718,Customer_718,customer718@mail.com,sold,Wheat,2023-06-25,2023-12-16,197,9850,174,60,68556.0,partial,39,0,2023-12-16,-68556.0
1670,Customer_1670,customer1670@mail.com,stored,Maize,2024-02-25,2024-06-11,35,875,107,51,6366.5,partial,55,48125,2024-06-11,41758.5
613,Customer_613,customer613@mail.com,storing,Rice,2024-08-01,2024-12-11,115,2875,132,59,29854.0,partial,45,0,2024-12-11,-29854.0
956,Customer_956,customer956@mail.com,stored,Rice,2023-12-28,2024-01-09,199,9950,12,53,4218.8,no,53,527350,2024-01-09,523131.2
1938,Customer_1938,customer1938@mail.com,storing,Barley,2024-06-01,2024-10-26,114,5700,147,52,29047.2,no,35,0,2024-10-26,-29047.2
141,Customer_141,customer141@mail.com,storing,Maize,2023-03-19,2023-07-05,50,1250,108,25,4500.0,partial,35,0,2023-07-05,-4500.0
372,Customer_372,customer372@mail.com,storing,Rice,2024-03-22,2024-08-31,46,2300,162,29,7203.6,no,33,0,2024-08-31,-7203.6
1056,Customer_1056,customer1056@mail.com,sold,Maize,2023-07-05,2023-08-01,105,2625,27,50,4725.0,partial,33,0,2023-08-01,-4725.0
1330,Customer_1330,customer1330@mail.com,storing,Barley,2023-08-03,2024-01-19,92,4600,169,50,25913.33,yes,53,0,2024-01-19,-25913.33
1819,Customer_1819,customer1819@mail.com,storing,Sorghum,2024-02-20,2024-07-12,140,3500,143,52,34701.33,partial,48,0,2024-07-12,-34701.33
1787,Customer_1787,customer1787@mail.com,storing,Wheat,2024-03-03,2024-07-16,155,7750,135,43,29992.5,yes,48,0,2024-07-16,-29992.5
925,Customer_925,customer925@mail.com,sold,Rice,2023-10-22,2023-11-20,187,9350,29,40,7230.67,partial,30,0,2023-11-20,-7230.67
1674,Customer_1674,customer1674@mail.com,sold,Millet,2024-03-03,2024-07-13,79,3950,132,34,11818.4,partial,25,98750,2024-07-13,86931.6
531,Customer_531,customer531@mail.com,storing,Wheat,2023-04-23,2023-07-18,39,1950,86,55,6149.0,partial,48,93600,2023-07-18,87451.0
59,Customer_59,customer59@mail.com,stored,Millet,2024-03-22,2024-06-29,148,3700,99,26,12698.4,yes,40,148000,2024-06-29,135301.6
906,Customer_906,customer906@mail.com,sold,Wheat,2024-08-18,2024-10-05,82,2050,48,51,6691.2,yes,36,73800,2024-10-05,67108.8
694,Customer_694,customer694@mail.com,storing,Sorghum,2024-01-24,2024-06-14,117,5850,142,40,22152.0,yes,46,0,2024-06-14,-22152.0
1954,Customer_1954,customer1954@mail.com,sold,Sorghum,2024-02-26,2024-03-09,146,7300,12,25,1460.0,no,53,0,2024-03-09,-1460.0
630,Customer_630,customer630@mail.com,storing,Wheat,2024-08-22,2024-12-30,116,2900,130,47,23625.33,partial,47,136300,2024-12-30,112674.67
454,Customer_454,customer454@mail.com,stored,Rice,2023-02-01,2023-07-06,141,3525,155,55,40067.5,no,40,141000,2023-07-06,100932.5
991,Customer_991,customer991@mail.com,stored,Sorghum,2023-01-18,2023-07-03,171,8550,166,23,21762.6,partial,41,0,2023-07-03,-21762.6
1203,Customer_1203,customer1203@mail.com,sold,Barley,2024-02-17,2024-04-30,31,775,73,24,1810.4,no,55,0,2024-04-30,-1810.4
1100,Customer_1100,customer1100@mail.com,storing,Wheat,2024-02-01,2024-04-02,141,3525,61,45,12901.5,yes,39,0,2024-04-02,-12901.5
163,Customer_163,customer163@mail.com,storing,Sorghum,2023-01-09,2023-06-15,118,2950,157,57,35199.4,partial,54,159300,2023-06-15,124100.6
1375,Customer_1375,customer1375@mail.com,stored,Millet,2024-06-13,2024-08-07,165,4125,55,56,16940.0,yes,38,156750,2024-08-07,139810.0
1727,Customer_1727,customer1727@mail.com,storing,Sorghum,2023-06-07,2023-09-30,60,3000,115,27,6210.0,no,53,159000,2023-09-30,152790.0
1806,Customer_1806,customer1806@mail.com,stored,Millet,2023-10-30,2024-01-13,88,2200,75,22,4840.0,partial,35,77000,2024-01-13,72160.0
1813,Customer_1813,customer1813@mail.com,stored,Sorghum,2023-06-04,2023-06-21,120,6000,17,53,3604.0,yes,35,0,2023-06-21,-3604.0
362,Customer_362,customer362@mail.com,storing,Sorghum,2024-02-04,2024-04-06,60,1500,62,33,4092.0,no,30,0,2024-04-06,-4092.0
1649,Customer_1649,customer1649@mail.com,stored,Millet,2024-01-11,2024-06-22,191,4775,163,58,60190.47,partial,29,138475,2024-06-22,78284.53
1962,Customer_1962,customer1962@mail.com,storing,Barley,2023-10-19,2024-01-19,118,2950,92,54,19540.8,no,39,115050,2024-01-19,95509.2
871,Customer_871,customer871@mail.com,storing,Maize,2023-05-18,2023-06-17,150,7500,30,50,7500.0,partial,40,300000,2023-06-17,292500.0
847,Customer_847,customer847@mail.com,stored,Wheat,2023-01-01,2023-01-21,94,4700,20,22,1378.67,no,47,220900,2023-01-21,219521.33
599,Customer_599,customer599@mail.com,sold,Maize,2023-10-26,2024-02-19,115,5750,116,32,14229.33,partial,26,0,2024-02-19,-14229.33
1099,Customer_1099,customer1099@mail.com,stored,Maize,2024-05-01,2024-08-01,13,650,92,20,797.33,yes,45,29250,2024-08-01,28452.67
1167,Customer_1167,customer1167@mail.com,sold,Millet,2024-01-03,2024-06-09,47,1175,158,26,6435.87,no,33,0,2024-06-09,-6435.87
941,Customer_941,customer941@mail.com,sold,Maize,2023-01-29,2023-05-06,110,2750,97,40,14226.67,no,51,0,2023-05-06,-14226.67
253,Customer_253,customer253@mail.com,storing,Maize,2024-06-11,2024-10-01,162,4050,112,38,22982.4,partial,43,174150,2024-10-01,151167.6
1284,Customer_1284,customer1284@mail.com,sold,Maize,2023-08-30,2023-12-10,146,3650,102,53,26309.2,no,48,0,2023-12-10,-26309.2
1069,Customer_1069,customer1069@mail.com,stored,Rice,2024-05-24,2024-09-30,49,1225,129,50,10535.0,yes,27,0,2024-09-30,-10535.0
1133,Customer_1133,customer1133@mail.com,stored,Maize,2023-02-12,2023-07-23,11,550,161,47,2774.57,no,44,0,2023-07-23,-2774.57
827,Customer_827,customer827@mail.com,storing,Maize,2023-07-29,2024-01-11,22,1100,166,37,4504.13,no,47,51700,2024-01-11,47195.87
276,Customer_276,customer276@mail.com,storing,Maize,2023-07-25,2023-12-04,165,4125,132,23,16698.0,yes,48,0,2023-12-04,-16698.0
868,Customer_868,customer868@mail.com,sold,Millet,2024-04-07,2024-07-26,106,5300,110,47,18267.33,yes,44,0,2024-07-26,-18267.33
1651,Customer_1651,customer1651@mail.com,sold,Wheat,2023-12-26,2024-01-20,142,3550,25,33,3905.0,no,32,113600,2024-01-20,109695.0
1558,Customer_1558,customer1558@mail.com,stored,Barley,2023-10-30,2023-11-13,199,9950,14,35,3250.33,no,32,0,2023-11-13,-3250.33
54,Customer_54,customer54@mail.com,sold,Rice,2024-03-12,2024-03-27,129,6450,15,28,1806.0,partial,51,0,2024-03-27,-1806.0
862,Customer_862,customer862@mail.com,sold,Millet,2023-12-11,2024-03-18,105,5250,98,34,11662.0,partial,46,241500,2024-03-18,229838.0
891,Customer_891,customer891@mail.com,sold,Wheat,2023-01-21,2023-06-15,136,6800,145,23,15118.67,partial,39,0,2023-06-15,-15118.67
674,Customer_674,customer674@mail.com,stored,Barley,2024-08-12,2025-01-22,13,325,163,26,1836.47,yes,53,17225,2025-01-22,15388.53
734,Customer_734,customer734@mail.com,storing,Sorghum,2024-01-30,2024-04-15,33,825,76,46,3845.6,no,49,0,2024-04-15,-3845.6
1182,Customer_1182,customer1182@mail.com,sold,Wheat,2023-10-04,2023-11-01,177,8850,28,20,3304.0,no,46,0,2023-11-01,-3304.0
1225,Customer_1225,customer1225@mail.com,storing,Maize,2024-01-20,2024-02-22,120,3000,33,31,4092.0,partial,26,0,2024-02-22,-4092.0
1939,Customer_1939,customer1939@mail.com,sold,Barley,2023-12-09,2024-01-06,122,3050,28,54,6148.8,no,38,115900,2024-01-06,109751.2
1637,Customer_1637,customer1637@mail.com,storing,Sorghum,2024-08-04,2024-11-22,187,9350,110,51,34969.0,partial,31,289850,2024-11-22,254881.0
1984,Customer_1984,customer1984@mail.com,storing,Barley,2023-03-04,2023-07-26,78,1950,144,26,9734.4,yes,52,101400,2023-07-26,91665.6
1905,Customer_1905,customer1905@mail.com,sold,Maize,2023-10-31,2024-02-03,116,5800,95,57,20938.0,partial,49,0,2024-02-03,-20938.0
438,Customer_438,customer438@mail.com,storing,Maize,2023-09-06,2024-02-11,53,2650,158,45,12561.0,yes,47,124550,2024-02-11,111989.0
1542,Customer_1542,customer1542@mail.com,sold,Rice,2023-09-23,2023-12-27,137,3425,95,20,8676.67,partial,53,0,2023-12-27,-8676.67
867,Customer_867,customer867@mail.com,sold,Maize,2024-08-18,2024-10-07,73,1825,50,28,3406.67,yes,45,82125,2024-10-07,78718.33
1995,Customer_1995,customer1995@mail.com,sold,Sorghum,2024-06-09,2024-06-24,20,1000,15,56,560.0,yes,38,38000,2024-06-24,37440.0
1904,Customer_1904,customer1904@mail.com,storing,Maize,2023-07-15,2023-12-01,13,650,139,39,2349.1,partial,50,0,2023-12-01,-2349.1
1476,Customer_1476,customer1476@mail.com,storing,Maize,2023-08-27,2023-12-12,75,1875,107,49,13107.5,yes,54,101250,2023-12-12,88142.5
1050,Customer_1050,customer1050@mail.com,sold,Wheat,2023-10-14,2023-11-18,160,8000,35,22,4106.67,partial,45,360000,2023-11-18,355893.33
1667,Customer_1667,customer1667@mail.com,stored,Maize,2023-07-06,2023-11-27,40,1000,144,55,10560.0,no,47,0,2023-11-27,-10560.0
446,Customer_446,customer446@mail.com,stored,Millet,2023-04-24,2023-10-02,177,8850,161,49,46545.1,yes,54,0,2023-10-02,-46545.1
1267,Customer_1267,customer1267@mail.com,storing,Sorghum,2023-12-25,2024-03-23,23,1150,89,26,1774.07,partial,25,0,2024-03-23,-1774.07
1918,Customer_1918,customer1918@mail.com,sold,Sorghum,2023-08-20,2023-09-21,184,9200,32,51,10009.6,yes,39,358800,2023-09-21,348790.4
1431,Customer_1431,customer1431@mail.com,stored,Millet,2024-04-18,2024-08-18,174,4350,122,30,21228.0,partial,31,0,2024-08-18,-21228.0
1327,Customer_1327,customer1327@mail.com,storing,Maize,2023-04-17,2023-06-12,193,9650,56,45,16212.0,yes,37,357050,2023-06-12,340838.0
536,Customer_536,customer536@mail.com,storing,Barley,2023-03-20,2023-07-08,135,6750,110,32,15840.0,no,46,0,2023-07-08,-15840.0
1277,Customer_1277,customer1277@mail.com,storing,Barley,2023-05-21,2023-09-22,22,1100,124,56,5092.27,partial,48,0,2023-09-22,-5092.27
1158,Customer_1158,customer1158@mail.com,stored,Millet,2023-11-18,2024-02-05,48,1200,79,20,2528.0,partial,32,0,2024-02-05,-2528.0
1192,Customer_1192,customer1192@mail.com,sold,Sorghum,2023-11-19,2024-03-19,34,1700,121,57,7816.6,partial,27,45900,2024-03-19,38083.4
1337,Customer_1337,customer1337@mail.com,stored,Wheat,2023-12-10,2024-02-09,195,4875,61,38,15067.0,no,42,204750,2024-02-09,189683.0
1563,Customer_1563,customer1563@mail.com,sold,Millet,2023-11-15,2024-05-05,188,4700,172,38,40958.93,partial,49,230300,2024-05-05,189341.07
1430,Customer_1430,customer1430@mail.com,storing,Sorghum,2023-12-11,2024-01-01,110,2750,21,29,2233.0,yes,44,121000,2024-01-01,118767.0
1438,Customer_1438,customer1438@mail.com,storing,Maize,2023-09-03,2024-01-08,152,7600,127,45,28956.0,yes,49,372400,2024-01-08,343444.0
1491,Customer_1491,customer1491@mail.com,sold,Barley,2023-05-23,2023-07-20,93,4650,58,33,5933.4,yes,46,213900,2023-07-20,207966.6
768,Customer_768,customer768@mail.com,stored,Maize,2023-09-13,2023-09-26,149,7450,13,29,1872.43,no,29,0,2023-09-26,-1872.43
1900,Customer_1900,customer1900@mail.com,stored,Wheat,2023-10-03,2023-11-20,21,525,48,52,1747.2,partial,43,22575,2023-11-20,20827.8
862,Customer_862,customer862@mail.com,sold,Maize,2023-02-17,2023-08-12,81,2025,176,40,19008.0,no,50,0,2023-08-12,-19008.0
1891,Customer_1891,customer1891@mail.com,stored,Rice,2024-03-01,2024-06-25,40,1000,116,28,4330.67,partial,45,0,2024-06-25,-4330.67
1581,Customer_1581,customer1581@mail.com,stored,Rice,2024-08-10,2024-09-12,93,4650,33,24,2455.2,yes,30,0,2024-09-12,-2455.2
1805,Customer_1805,customer1805@mail.com,sold,Barley,2024-03-20,2024-07-18,146,3650,120,55,32120.0,yes,51,0,2024-07-18,-32120.0
1224,Customer_1224,customer1224@mail.com,stored,Maize,2023-06-28,2023-08-08,102,5100,41,47,6551.8,partial,44,0,2023-08-08,-6551.8
1865,Customer_1865,customer1865@mail.com,stored,Millet,2024-03-21,2024-04-06,20,500,16,23,245.33,partial,30,0,2024-04-06,-245.33
1266,Customer_1266,customer1266@mail.com,stored,Sorghum,2024-05-22,2024-09-14,87,4350,115,60,20010.0,yes,48,208800,2024-09-14,188790.0
1958,Customer_1958,customer1958@mail.com,storing,Maize,2024-06-07,2024-08-30,40,2000,84,38,4256.0,partial,45,90000,2024-08-30,85744.0
1206,Customer_1206,customer1206@mail.com,stored,Barley,2023-01-01,2023-05-28,40,1000,147,37,7252.0,yes,25,0,2023-05-28,-7252.0
1250,Customer_1250,customer1250@mail.com,sold,Wheat,2023-10-02,2024-02-03,19,475,124,47,3691.07,no,27,0,2024-02-03,-3691.07
1695,Customer_1695,customer1695@mail.com,sold,Barley,2024-07-12,2024-08-04,127,6350,23,60,5842.0,no,54,342900,2024-08-04,337058.0
25,Customer_25,customer25@mail.com,stored,Barley,2023-01-12,2023-04-14,23,1150,92,21,1481.2,no,27,31050,2023-04-14,29568.8
773,Customer_773,customer773@mail.com,stored,Maize,2023-08-07,2024-01-31,154,3850,177,56,50881.6,partial,44,169400,2024-01-31,118518.4
233,Customer_233,customer233@mail.com,sold,Millet,2023-10-01,2024-01-15,178,8900,106,57,35849.2,partial,37,0,2024-01-15,-35849.2
1283,Customer_1283,customer1283@mail.com,storing,Wheat,2023-02-24,2023-07-31,75,1875,157,28,10990.0,yes,32,0,2023-07-31,-10990.0
1463,Customer_1463,customer1463@mail.com,stored,Millet,2023-09-25,2023-10-29,43,2150,34,38,1851.87,partial,46,98900,2023-10-29,97048.13
1778,Customer_1778,customer1778@mail.com,sold,Wheat,2023-03-13,2023-08-23,166,8300,163,57,51410.2,yes,49,406700,2023-08-23,355289.8
370,Customer_370,customer370@mail.com,stored,Barley,2023-06-22,2023-08-03,13,325,42,46,837.2,partial,45,14625,2023-08-03,13787.8
1920,Customer_1920,customer1920@mail.com,storing,Barley,2023-05-24,2023-11-03,36,900,163,51,9975.6,partial,47,0,2023-11-03,-9975.6
409,Customer_409,customer409@mail.com,sold,Maize,2024-08-05,2024-09-21,25,1250,47,30,1175.0,no,35,43750,2024-09-21,42575.0
1679,Customer_1679,customer1679@mail.com,sold,Sorghum,2023-05-04,2023-08-11,121,6050,99,52,20763.6,partial,55,0,2023-08-11,-20763.6
1478,Customer_1478,customer1478@mail.com,stored,Maize,2024-02-05,2024-05-15,163,8150,100,22,11953.33,no,45,0,2024-05-15,-11953.33
1109,Customer_1109,customer1109@mail.com,stored,Wheat,2023-09-15,2023-11-19,115,2875,65,43,10714.17,partial,39,0,2023-11-19,-10714.17
20,Customer_20,customer20@mail.com,stored,Maize,2024-07-15,2024-08-24,58,1450,40,47,3634.67,partial,40,0,2024-08-24,-3634.67
1387,Customer_1387,customer1387@mail.com,storing,Maize,2024-07-02,2024-11-03,52,2600,124,44,9457.07,yes,53,137800,2024-11-03,128342.93
1759,Customer_1759,customer1759@mail.com,sold,Sorghum,2024-07-19,2024-10-14,104,5200,87,24,7238.4,no,34,176800,2024-10-14,169561.6
1022,Customer_1022,customer1022@mail.com,stored,Rice,2024-06-22,2024-07-23,77,1925,31,52,4137.47,yes,51,0,2024-07-23,-4137.47
1009,Customer_1009,customer1009@mail.com,sold,Rice,2024-03-03,2024-07-03,80,4000,122,32,10410.67,partial,55,220000,2024-07-03,209589.33
505,Customer_505,customer505@mail.com,storing,Barley,2023-05-28,2023-07-27,76,3800,60,37,5624.0,no,52,197600,2023-07-27,191976.0
1268,Customer_1268,customer1268@mail.com,stored,Rice,2023-11-26,2023-12-16,109,2725,20,59,4287.33,partial,47,0,2023-12-16,-4287.33
1630,Customer_1630,customer1630@mail.com,storing,Millet,2023-10-17,2024-02-11,67,3350,117,32,8361.6,partial,42,0,2024-02-11,-8361.6
368,Customer_368,customer368@mail.com,storing,Millet,2024-04-16,2024-10-01,164,8200,168,58,53267.2,yes,43,352600,2024-10-01,299332.8
1120,Customer_1120,customer1120@mail.com,sold,Millet,2023-11-17,2023-12-22,70,3500,35,60,4900.0,no,25,0,2023-12-22,-4900.0
1136,Customer_1136,customer1136@mail.com,storing,Millet,2024-08-05,2024-12-02,24,600,119,22,2094.4,no,48,28800,2024-12-02,26705.6
786,Customer_786,customer786@mail.com,storing,Millet,2024-04-15,2024-09-28,87,2175,166,39,18774.6,partial,48,0,2024-09-28,-18774.6
1548,Customer_1548,customer1548@mail.com,storing,Barley,2023-06-01,2023-10-28,20,500,149,43,4271.33,yes,32,0,2023-10-28,-4271.33
795,Customer_795,customer795@mail.com,sold,Rice,2023-11-06,2023-12-21,177,8850,45,39,10354.5,partial,53,469050,2023-12-21,458695.5
605,Customer_605,customer605@mail.com,storing,Millet,2023-02-28,2023-03-18,51,1275,18,57,1744.2,yes,35,0,2023-03-18,-1744.2
693,Customer_693,customer693@mail.com,sold,Wheat,2024-06-21,2024-11-12,53,1325,144,28,7123.2,yes,38,0,2024-11-12,-7123.2
132,Customer_132,customer132@mail.com,sold,Millet,2023-07-16,2023-12-22,176,8800,159,30,27984.0,yes,34,0,2023-12-22,-27984.0
427,Customer_427,customer427@mail.com,stored,Rice,2023-08-05,2023-09-04,111,5550,30,34,3774.0,no,29,0,2023-09-04,-3774.0
1663,Customer_1663,customer1663@mail.com,sold,Sorghum,2023-07-23,2023-12-21,22,1100,151,20,2214.67,partial,28,30800,2023-12-21,28585.33
1406,Customer_1406,customer1406@mail.com,sold,Sorghum,2023-07-25,2023-10-14,181,4525,81,51,24923.7,yes,50,226250,2023-10-14,201326.3
914,Customer_914,customer914@mail.com,storing,Wheat,2023-11-25,2024-04-08,137,6850,135,60,36990.0,partial,39,0,2024-04-08,-36990.0
1537,Customer_1537,customer1537@mail.com,storing,Wheat,2024-01-05,2024-05-06,74,1850,122,22,6620.53,partial,35,64750,2024-05-06,58129.47
343,Customer_343,customer343@mail.com,sold,Rice,2023-12-15,2024-05-14,185,9250,151,49,45627.17,yes,50,462500,2024-05-14,416872.83
1279,Customer_1279,customer1279@mail.com,sold,Sorghum,2024-03-27,2024-08-08,82,2050,134,52,19045.87,yes,51,0,2024-08-08,-19045.87
471,Customer_471,customer471@mail.com,sold,Wheat,2023-09-02,2023-12-11,47,2350,100,59,9243.33,no,28,65800,2023-12-11,56556.67
412,Customer_412,customer412@mail.com,storing,Rice,2024-06-03,2024-11-08,127,6350,158,43,28761.27,no,31,0,2024-11-08,-28761.27
1148,Customer_1148,customer1148@mail.com,storing,Maize,2023-10-03,2023-10-19,178,8900,16,34,3227.73,yes,34,0,2023-10-19,-3227.73
696,Customer_696,customer696@mail.com,stored,Sorghum,2024-04-15,2024-08-01,76,3800,108,42,11491.2,yes,54,205200,2024-08-01,193708.8
1424,Customer_1424,customer1424@mail.com,storing,Sorghum,2023-02-21,2023-03-06,98,4900,13,31,1316.47,partial,53,259700,2023-03-06,258383.53
1162,Customer_1162,customer1162@mail.com,sold,Maize,2023-10-02,2023-12-03,116,5800,62,39,9349.6,partial,41,0,2023-12-03,-9349.6
147,Customer_147,customer147@mail.com,stored,Barley,2023-11-26,2024-05-22,165,8250,178,33,32307.0,no,47,387750,2024-05-22,355443.0
1971,Customer_1971,customer1971@mail.com,stored,Rice,2024-02-18,2024-05-31,101,5050,103,43,14910.97,yes,38,191900,2024-05-31,176989.03
923,Customer_923,customer923@mail.com,stored,Rice,2024-05-08,2024-11-03,106,2650,179,46,29093.47,yes,29,0,2024-11-03,-29093.47
953,Customer_953,customer953@mail.com,sold,Wheat,2023-04-14,2023-08-27,144,7200,135,22,14256.0,yes,34,0,2023-08-27,-14256.0
443,Customer_443,customer443@mail.com,stored,Barley,2023-04-01,2023-06-10,169,4225,70,45,17745.0,no,37,156325,2023-06-10,138580.0
52,Customer_52,customer52@mail.com,sold,Rice,2023-05-31,2023-11-14,147,3675,167,29,23730.7,yes,36,132300,2023-11-14,108569.3
1205,Customer_1205,customer1205@mail.com,storing,Barley,2023-12-24,2024-03-20,30,1500,87,32,2784.0,yes,55,0,2024-03-20,-2784.0
8,Customer_8,customer8@mail.com,sold,Maize,2023-04-08,2023-07-19,82,4100,102,41,11430.8,partial,32,0,2023-07-19,-11430.8
141,Customer_141,customer141@mail.com,storing,Millet,2024-03-08,2024-04-23,49,1225,46,51,3831.8,partial,47,57575,2024-04-23,53743.2
1739,Customer_1739,customer1739@mail.com,storing,Barley,2024-07-07,2024-08-29,183,4575,53,57,18428.1,yes,44,201300,2024-08-29,182871.9
1259,Customer_1259,customer1259@mail.com,storing,Millet,2024-04-24,2024-05-10,68,3400,16,29,1051.73,partial,27,91800,2024-05-10,90748.27
869,Customer_869,customer869@mail.com,sold,Rice,2023-05-19,2023-11-03,181,4525,168,57,57775.2,no,50,0,2023-11-03,-57775.2
1996,Customer_1996,customer1996@mail.com,sold,Wheat,2023-07-16,2023-12-01,58,1450,138,58,15474.4,no,34,49300,2023-12-01,33825.6
503,Customer_503,customer503@mail.com,storing,Wheat,2024-08-04,2024-08-28,140,7000,24,58,6496.0,no,33,231000,2024-08-28,224504.0
898,Customer_898,customer898@mail.com,stored,Maize,2023-02-20,2023-04-07,182,9100,46,59,16464.93,yes,52,0,2023-04-07,-16464.93
1050,Customer_1050,customer1050@mail.com,stored,Wheat,2023-11-08,2024-04-12,12,300,156,33,2059.2,partial,55,16500,2024-04-12,14440.8
1526,Customer_1526,customer1526@mail.com,sold,Wheat,2023-07-01,2023-07-20,29,1450,19,39,716.3,partial,48,0,2023-07-20,-716.3
1075,Customer_1075,customer1075@mail.com,storing,Wheat,2023-07-31,2023-09-17,155,7750,48,46,11408.0,partial,38,294500,2023-09-17,283092.0
1911,Customer_1911,customer1911@mail.com,sold,Rice,2023-03-26,2023-08-27,81,2025,154,36,14968.8,partial,29,58725,2023-08-27,43756.2
1371,Customer_1371,customer1371@mail.com,stored,Millet,2023-06-21,2023-10-04,30,750,105,37,3885.0,partial,43,0,2023-10-04,-3885.0
1610,Customer_1610,customer1610@mail.com,sold,Maize,2024-06-23,2024-07-13,29,725,20,27,522.0,partial,37,26825,2024-07-13,26303.0
1700,Customer_1700,customer1700@mail.com,stored,Rice,2023-07-12,2023-10-02,124,3100,82,41,13896.27,partial,47,145700,2023-10-02,131803.73
1382,Customer_1382,customer1382@mail.com,sold,Rice,2024-05-23,2024-08-29,147,3675,98,29,13925.8,no,45,0,2024-08-29,-13925.8
300,Customer_300,customer300@mail.com,stored,Rice,2023-03-05,2023-08-08,12,300,156,40,2496.0,no,42,0,2023-08-08,-2496.0
387,Customer_387,customer387@mail.com,stored,Sorghum,2023-03-01,2023-06-19,130,6500,110,23,10963.33,partial,47,0,2023-06-19,-10963.33
1467,Customer_1467,customer1467@mail.com,stored,Maize,2024-03-11,2024-04-09,52,1300,29,43,2161.47,yes,37,0,2024-04-09,-2161.47
1712,Customer_1712,customer1712@mail.com,sold,Maize,2024-01-05,2024-06-09,134,3350,156,56,39020.8,no,30,100500,2024-06-09,61479.2
1804,Customer_1804,customer1804@mail.com,stored,Sorghum,2024-03-07,2024-07-28,112,2800,143,38,20286.93,no,34,0,2024-07-28,-20286.93
1626,Customer_1626,customer1626@mail.com,sold,Millet,2023-06-09,2023-11-25,41,2050,169,47,10855.43,no,52,106600,2023-11-25,95744.57
1078,Customer_1078,customer1078@mail.com,sold,Barley,2023-07-16,2023-12-30,129,6450,167,43,30878.3,partial,44,283800,2023-12-30,252921.7
1609,Customer_1609,customer1609@mail.com,sold,Rice,2024-01-29,2024-07-17,117,5850,170,46,30498.0,no,46,0,2024-07-17,-30498.0
1511,Customer_1511,customer1511@mail.com,sold,Sorghum,2023-11-02,2024-02-14,42,2100,104,56,8153.6,yes,31,65100,2024-02-14,56946.4
443,Customer_443,customer443@mail.com,stored,Sorghum,2023-11-22,2024-05-01,19,950,161,26,2651.13,yes,55,52250,2024-05-01,49598.87
1012,Customer_1012,customer1012@mail.com,stored,Millet,2024-07-22,2024-11-10,133,3325,111,49,24112.9,partial,36,0,2024-11-10,-24112.9
1506,Customer_1506,customer1506@mail.com,stored,Barley,2023-03-20,2023-05-19,166,4150,60,23,7636.0,partial,25,0,2023-05-19,-7636.0
210,Customer_210,customer210@mail.com,stored,Wheat,2024-03-19,2024-03-29,48,2400,10,28,448.0,partial,44,0,2024-03-29,-448.0
1139,Customer_1139,customer1139@mail.com,sold,Barley,2024-07-27,2024-09-19,179,4475,54,20,6444.0,partial,42,0,2024-09-19,-6444.0
664,Customer_664,customer664@mail.com,storing,Sorghum,2023-07-10,2023-09-27,167,8350,79,27,11873.7,yes,49,0,2023-09-27,-11873.7
141,Customer_141,customer141@mail.com,sold,Sorghum,2023-11-29,2024-01-21,135,3375,53,38,9063.0,partial,49,0,2024-01-21,-9063.0
959,Customer_959,customer959@mail.com,sold,Rice,2023-01-25,2023-04-14,112,2800,79,32,9437.87,no,31,86800,2023-04-14,77362.13
157,Customer_157,customer157@mail.com,storing,Barley,2024-05-30,2024-09-26,104,2600,119,22,9075.73,no,53,0,2024-09-26,-9075.73
810,Customer_810,customer810@mail.com,sold,Millet,2023-07-24,2023-12-14,196,9800,143,31,28962.27,no,52,509600,2023-12-14,480637.73
1777,Customer_1777,customer1777@mail.com,stored,Sorghum,2023-03-23,2023-09-02,154,3850,163,50,41836.67,partial,39,150150,2023-09-02,108313.33
118,Customer_118,customer118@mail.com,sold,Millet,2024-04-08,2024-09-28,162,4050,173,33,30828.6,partial,51,0,2024-09-28,-30828.6
772,Customer_772,customer772@mail.com,sold,Rice,2023-03-06,2023-08-20,56,2800,167,53,16521.87,no,36,0,2023-08-20,-16521.87
1975,Customer_1975,customer1975@mail.com,storing,Rice,2023-03-13,2023-05-05,68,1700,53,25,3003.33,yes,34,57800,2023-05-05,54796.67
1010,Customer_1010,customer1010@mail.com,storing,Rice,2023-09-29,2024-01-17,24,600,110,32,2816.0,no,37,22200,2024-01-17,19384.0
1700,Customer_1700,customer1700@mail.com,storing,Sorghum,2024-06-01,2024-11-05,73,1825,157,30,11461.0,yes,29,0,2024-11-05,-11461.0
1559,Customer_1559,customer1559@mail.com,stored,Maize,2024-08-16,2024-08-30,38,950,14,59,1046.27,no,38,0,2024-08-30,-1046.27
632,Customer_632,customer632@mail.com,stored,Sorghum,2024-08-23,2024-11-27,16,800,96,24,1228.8,yes,54,43200,2024-11-27,41971.2
1241,Customer_1241,customer1241@mail.com,storing,Millet,2024-01-10,2024-06-25,143,7150,167,31,24677.03,no,48,343200,2024-06-25,318522.97
1934,Customer_1934,customer1934@mail.com,storing,Maize,2024-02-13,2024-03-03,44,1100,19,60,1672.0,partial,32,0,2024-03-03,-1672.0
579,Customer_579,customer579@mail.com,storing,Millet,2023-11-20,2024-04-19,119,2975,151,39,23359.7,partial,37,110075,2024-04-19,86715.3
1062,Customer_1062,customer1062@mail.com,sold,Wheat,2023-07-21,2023-10-06,46,2300,77,32,3778.13,partial,48,0,2023-10-06,-3778.13
9,Customer_9,customer9@mail.com,stored,Millet,2024-07-07,2024-09-01,21,525,56,47,1842.4,yes,40,0,2024-09-01,-1842.4
380,Customer_380,customer380@mail.com,stored,Barley,2023-02-27,2023-03-14,81,2025,15,26,1053.0,yes,50,101250,2023-03-14,100197.0
1284,Customer_1284,customer1284@mail.com,storing,Maize,2023-02-15,2023-03-16,132,3300,29,45,5742.0,no,35,115500,2023-03-16,109758.0
1643,Customer_1643,customer1643@mail.com,storing,Sorghum,2023-12-22,2024-02-09,74,3700,49,35,4230.33,partial,54,199800,2024-02-09,195569.67
247,Customer_247,customer247@mail.com,stored,Barley,2024-07-08,2024-08-12,147,7350,35,49,8403.5,partial,37,0,2024-08-12,-8403.5
1976,Customer_1976,customer1976@mail.com,storing,Sorghum,2024-06-24,2024-12-12,173,4325,171,38,37471.8,yes,45,0,2024-12-12,-37471.8
1994,Customer_1994,customer1994@mail.com,storing,Sorghum,2023-07-31,2023-10-09,119,5950,70,39,10829.0,yes,46,0,2023-10-09,-10829.0
955,Customer_955,customer955@mail.com,sold,Barley,2024-05-02,2024-10-02,111,2775,153,27,15284.7,yes,44,0,2024-10-02,-15284.7
1931,Customer_1931,customer1931@mail.com,storing,Wheat,2023-08-31,2023-11-08,74,1850,69,33,5616.6,partial,31,57350,2023-11-08,51733.4
1217,Customer_1217,customer1217@mail.com,storing,Barley,2024-02-09,2024-05-05,70,1750,86,44,8829.33,partial,32,0,2024-05-05,-8829.33
156,Customer_156,customer156@mail.com,sold,Barley,2023-05-06,2023-07-29,190,9500,84,25,13300.0,yes,42,0,2023-07-29,-13300.0
1699,Customer_1699,customer1699@mail.com,storing,Rice,2023-03-11,2023-08-16,72,1800,158,29,10996.8,no,51,91800,2023-08-16,80803.2
309,Customer_309,customer309@mail.com,sold,Maize,2023-05-12,2023-06-27,95,4750,46,44,6409.33,yes,32,152000,2023-06-27,145590.67
640,Customer_640,customer640@mail.com,sold,Maize,2024-06-01,2024-10-20,165,8250,141,52,40326.0,yes,43,354750,2024-10-20,314424.0
895,Customer_895,customer895@mail.com,sold,Barley,2024-05-24,2024-09-12,171,8550,111,54,34165.8,yes,48,410400,2024-09-12,376234.2
344,Customer_344,customer344@mail.com,stored,Sorghum,2023-11-29,2024-01-23,154,3850,55,40,11293.33,partial,26,0,2024-01-23,-11293.33
1011,Customer_1011,customer1011@mail.com,sold,Barley,2023-05-23,2023-08-23,179,4475,92,47,25799.87,partial,42,0,2023-08-23,-25799.87
1725,Customer_1725,customer1725@mail.com,stored,Millet,2023-03-12,2023-05-04,85,2125,53,54,8109.0,partial,42,89250,2023-05-04,81141.0
913,Customer_913,customer913@mail.com,stored,Maize,2023-04-16,2023-06-10,187,9350,55,23,7885.17,yes,50,467500,2023-06-10,459614.83
930,Customer_930,customer930@mail.com,sold,Wheat,2024-01-14,2024-03-24,101,5050,70,42,9898.0,yes,30,151500,2024-03-24,141602.0
1263,Customer_1263,customer1263@mail.com,stored,Rice,2023-02-07,2023-03-18,148,7400,39,38,7311.2,yes,50,370000,2023-03-18,362688.8
25,Customer_25,customer25@mail.com,storing,Millet,2023-02-22,2023-07-13,42,1050,141,46,9080.4,partial,47,49350,2023-07-13,40269.6
463,Customer_463,customer463@mail.com,stored,Wheat,2024-07-13,2024-07-27,145,3625,14,57,3857.0,yes,50,0,2024-07-27,-3857.0
1599,Customer_1599,customer1599@mail.com,sold,Sorghum,2024-07-16,2024-12-16,10,250,153,48,2448.0,yes,54,0,2024-12-16,-2448.0
1642,Customer_1642,customer1642@mail.com,storing,Rice,2023-02-24,2023-03-16,84,2100,20,42,2352.0,yes,48,100800,2023-03-16,98448.0
1394,Customer_1394,customer1394@mail.com,stored,Barley,2024-07-12,2024-12-06,105,5250,147,40,20580.0,no,28,0,2024-12-06,-20580.0
441,Customer_441,customer441@mail.com,storing,Rice,2023-01-16,2023-02-12,24,1200,27,55,1188.0,partial,55,66000,2023-02-12,64812.0
64,Customer_64,customer64@mail.com,storing,Millet,2024-06-30,2024-09-08,148,7400,70,43,14849.33,no,51,377400,2024-09-08,362550.67
474,Customer_474,customer474@mail.com,stored,Barley,2023-03-03,2023-07-28,162,4050,147,49,38896.2,yes,37,0,2023-07-28,-38896.2
352,Customer_352,customer352@mail.com,storing,Barley,2023-08-16,2023-11-20,79,3950,96,40,10112.0,partial,47,185650,2023-11-20,175538.0
1304,Customer_1304,customer1304@mail.com,sold,Wheat,2023-02-01,2023-03-01,117,2925,28,25,2730.0,partial,25,0,2023-03-01,-2730.0
48,Customer_48,customer48@mail.com,stored,Wheat,2024-01-26,2024-04-29,85,4250,94,40,10653.33,yes,41,0,2024-04-29,-10653.33
971,Customer_971,customer971@mail.com,storing,Millet,2024-07-14,2024-09-10,75,1875,58,33,4785.0,yes,31,58125,2024-09-10,53340.0
1046,Customer_1046,customer1046@mail.com,storing,Maize,2023-03-23,2023-06-25,170,4250,94,47,25035.33,no,42,0,2023-06-25,-25035.33
1777,Customer_1777,customer1777@mail.com,stored,Rice,2023-06-20,2023-10-18,106,5300,120,24,10176.0,partial,54,286200,2023-10-18,276024.0
1775,Customer_1775,customer1775@mail.com,storing,Sorghum,2024-07-18,2024-12-08,59,1475,143,20,5624.67,no,39,57525,2024-12-08,51900.33
1483,Customer_1483,customer1483@mail.com,storing,Barley,2023-04-08,2023-07-26,32,1600,109,54,6278.4,partial,50,80000,2023-07-26,73721.6
1595,Customer_1595,customer1595@mail.com,storing,Rice,2023-08-21,2023-10-30,34,1700,70,60,4760.0,yes,38,64600,2023-10-30,59840.0
1750,Customer_1750,customer1750@mail.com,stored,Sorghum,2023-08-20,2023-10-10,33,825,51,40,2244.0,yes,42,34650,2023-10-10,32406.0
1353,Customer_1353,customer1353@mail.com,sold,Sorghum,2023-12-17,2024-05-07,36,1800,142,36,6134.4,no,50,0,2024-05-07,-6134.4
983,Customer_983,customer983@mail.com,sold,Barley,2023-01-23,2023-06-18,144,7200,146,44,30835.2,partial,35,0,2023-06-18,-30835.2
335,Customer_335,customer335@mail.com,sold,Sorghum,2024-08-08,2024-10-07,117,5850,60,27,6318.0,partial,43,0,2024-10-07,-6318.0
992,Customer_992,customer992@mail.com,sold,Barley,2023-12-16,2024-03-16,65,3250,91,43,8478.17,no,55,0,2024-03-16,-8478.17
1161,Customer_1161,customer1161@mail.com,storing,Rice,2024-04-25,2024-08-17,84,4200,114,59,18832.8,yes,47,197400,2024-08-17,178567.2
978,Customer_978,customer978@mail.com,storing,Sorghum,2023-11-10,2024-05-01,70,1750,173,51,20587.0,partial,31,54250,2024-05-01,33663.0
1021,Customer_1021,customer1021@mail.com,storing,Wheat,2023-09-04,2024-02-19,167,8350,168,43,40213.6,partial,55,0,2024-02-19,-40213.6
660,Customer_660,customer660@mail.com,sold,Barley,2024-02-19,2024-04-12,173,8650,53,30,9169.0,no,44,380600,2024-04-12,371431.0
592,Customer_592,customer592@mail.com,stored,Barley,2024-08-20,2024-12-11,91,2275,113,31,10625.77,partial,51,116025,2024-12-11,105399.23
305,Customer_305,customer305@mail.com,sold,Barley,2023-06-29,2023-07-11,53,1325,12,21,445.2,partial,53,0,2023-07-11,-445.2
381,Customer_381,customer381@mail.com,sold,Maize,2024-01-24,2024-05-30,165,4125,127,34,23749.0,partial,40,165000,2024-05-30,141251.0
1718,Customer_1718,customer1718@mail.com,stored,Barley,2023-05-23,2023-08-31,131,3275,100,36,15720.0,no,54,176850,2023-08-31,161130.0
1991,Customer_1991,customer1991@mail.com,storing,Sorghum,2023-09-23,2023-10-06,78,3900,13,32,1081.6,yes,54,0,2023-10-06,-1081.6
1084,Customer_1084,customer1084@mail.com,stored,Maize,2023-06-16,2023-09-12,110,5500,88,53,17101.33,no,27,0,2023-09-12,-17101.33
1863,Customer_1863,customer1863@mail.com,storing,Millet,2023-06-09,2023-09-02,26,1300,85,36,2652.0,yes,27,0,2023-09-02,-2652.0
1788,Customer_1788,customer1788@mail.com,storing,Sorghum,2023-09-07,2024-01-27,147,3675,142,60,41748.0,yes,47,0,2024-01-27,-41748.0
1606,Customer_1606,customer1606@mail.com,sold,Rice,2023-10-17,2023-10-30,193,4825,13,46,3847.13,no,30,144750,2023-10-30,140902.87
125,Customer_125,customer125@mail.com,storing,Sorghum,2024-02-27,2024-06-03,175,4375,97,24,13580.0,yes,36,157500,2024-06-03,143920.0
226,Customer_226,customer226@mail.com,storing,Rice,2024-06-23,2024-09-30,93,4650,99,52,15958.8,yes,49,0,2024-09-30,-15958.8
1811,Customer_1811,customer1811@mail.com,stored,Rice,2023-11-15,2024-01-16,174,8700,62,35,12586.0,partial,30,261000,2024-01-16,248414.0
1685,Customer_1685,customer1685@mail.com,storing,Sorghum,2023-11-27,2024-04-15,57,2850,140,29,7714.0,partial,43,0,2024-04-15,-7714.0
1881,Customer_1881,customer1881@mail.com,storing,Sorghum,2023-12-03,2024-01-01,130,3250,29,44,5529.33,no,33,0,2024-01-01,-5529.33
1038,Customer_1038,customer1038@mail.com,stored,Rice,2023-02-17,2023-05-26,137,3425,98,42,18796.4,partial,32,0,2023-05-26,-18796.4
255,Customer_255,customer255@mail.com,sold,Rice,2023-10-29,2023-12-30,79,1975,62,35,5714.33,no,50,0,2023-12-30,-5714.33
528,Customer_528,customer528@mail.com,storing,Millet,2023-06-29,2023-12-17,24,600,171,30,4104.0,partial,41,0,2023-12-17,-4104.0
1455,Customer_1455,customer1455@mail.com,sold,Maize,2024-05-09,2024-08-06,162,4050,89,34,16340.4,yes,29,0,2024-08-06,-16340.4
1119,Customer_1119,customer1119@mail.com,stored,Millet,2023-09-28,2023-11-22,150,7500,55,24,6600.0,yes,40,300000,2023-11-22,293400.0
7,Customer_7,customer7@mail.com,stored,Millet,2023-06-04,2023-06-24,113,5650,20,27,2034.0,yes,52,0,2023-06-24,-2034.0
6,Customer_6,customer6@mail.com,sold,Sorghum,2023-01-12,2023-04-06,144,7200,84,25,10080.0,no,31,223200,2023-04-06,213120.0
423,Customer_423,customer423@mail.com,stored,Sorghum,2024-08-15,2025-01-13,129,3225,151,32,20777.6,partial,37,119325,2025-01-13,98547.4
1747,Customer_1747,customer1747@mail.com,stored,Rice,2024-07-26,2024-11-01,91,4550,98,22,6539.87,no,33,0,2024-11-01,-6539.87
672,Customer_672,customer672@mail.com,sold,Rice,2024-05-13,2024-10-25,90,4500,165,53,26235.0,partial,53,0,2024-10-25,-26235.0
992,Customer_992,customer992@mail.com,stored,Wheat,2024-02-21,2024-05-13,119,5950,82,28,9107.47,no,44,0,2024-05-13,-9107.47
202,Customer_202,customer202@mail.com,storing,Wheat,2023-09-14,2023-11-25,12,600,72,39,1123.2,yes,55,0,2023-11-25,-1123.2
1327,Customer_1327,customer1327@mail.com,stored,Barley,2023-02-09,2023-05-09,84,4200,89,53,13207.6,no,52,218400,2023-05-09,205192.4
943,Customer_943,customer943@mail.com,sold,Sorghum,2023-09-24,2024-03-05,84,2100,163,34,15517.6,yes,52,109200,2024-03-05,93682.4
1790,Customer_1790,customer1790@mail.com,stored,Rice,2023-10-25,2023-12-18,101,5050,54,45,8181.0,no,41,0,2023-12-18,-8181.0
1566,Customer_1566,customer1566@mail.com,sold,Barley,2023-03-28,2023-05-22,191,9550,55,53,18558.83,yes,44,0,2023-05-22,-18558.83
542,Customer_542,customer542@mail.com,stored,Sorghum,2023-08-22,2023-09-24,84,4200,33,47,4342.8,partial,46,0,2023-09-24,-4342.8
782,Customer_782,customer782@mail.com,sold,Rice,2023-11-05,2024-04-04,141,3525,151,37,26258.9,partial,44,155100,2024-04-04,128841.1
1267,Customer_1267,customer1267@mail.com,sold,Rice,2024-03-11,2024-04-27,100,5000,47,51,7990.0,partial,53,0,2024-04-27,-7990.0
256,Customer_256,customer256@mail.com,storing,Barley,2023-08-15,2023-12-08,85,2125,115,60,19550.0,partial,38,80750,2023-12-08,61200.0
1997,Customer_1997,customer1997@mail.com,storing,Barley,2024-06-26,2024-10-06,60,3000,102,36,7344.0,no,45,0,2024-10-06,-7344.0
1952,Customer_1952,customer1952@mail.com,sold,Millet,2024-01-02,2024-02-26,36,1800,55,41,2706.0,no,47,84600,2024-02-26,81894.0
356,Customer_356,customer356@mail.com,sold,Barley,2023-05-14,2023-08-27,160,8000,105,27,15120.0,partial,36,0,2023-08-27,-15120.0
1717,Customer_1717,customer1717@mail.com,stored,Rice,2023-01-16,2023-02-08,184,9200,23,38,5360.53,yes,26,0,2023-02-08,-5360.53
1297,Customer_1297,customer1297@mail.com,sold,Sorghum,2023-08-29,2024-02-21,169,8450,176,31,30735.47,yes,53,447850,2024-02-21,417114.53
97,Customer_97,customer97@mail.com,sold,Wheat,2024-03-10,2024-04-07,61,1525,28,47,2675.87,partial,28,42700,2024-04-07,40024.13
1902,Customer_1902,customer1902@mail.com,stored,Millet,2024-07-17,2024-12-07,14,700,143,56,3737.07,yes,43,0,2024-12-07,-3737.07
1448,Customer_1448,customer1448@mail.com,sold,Millet,2024-03-16,2024-06-10,154,3850,86,45,19866.0,yes,48,184800,2024-06-10,164934.0
54,Customer_54,customer54@mail.com,sold,Wheat,2023-12-12,2024-03-22,105,2625,101,52,18382.0,no,35,91875,2024-03-22,73493.0
940,Customer_940,customer940@mail.com,storing,Rice,2024-06-08,2024-10-21,91,4550,135,21,8599.5,partial,37,0,2024-10-21,-8599.5
1661,Customer_1661,customer1661@mail.com,sold,Wheat,2024-06-23,2024-08-24,120,3000,62,56,13888.0,partial,42,126000,2024-08-24,112112.0
1697,Customer_1697,customer1697@mail.com,storing,Rice,2023-11-19,2024-05-02,66,1650,165,59,21417.0,partial,30,49500,2024-05-02,28083.0
1797,Customer_1797,customer1797@mail.com,storing,Sorghum,2023-07-18,2023-10-16,16,800,90,29,1392.0,yes,54,43200,2023-10-16,41808.0
565,Customer_565,customer565@mail.com,sold,Sorghum,2024-02-04,2024-05-27,60,1500,113,46,10396.0,partial,49,0,2024-05-27,-10396.0
1595,Customer_1595,customer1595@mail.com,stored,Maize,2024-07-25,2024-08-26,188,9400,32,23,4612.27,yes,34,319600,2024-08-26,314987.73
1733,Customer_1733,customer1733@mail.com,stored,Rice,2024-03-04,2024-06-04,82,2050,92,50,12573.33,yes,48,0,2024-06-04,-12573.33
1494,Customer_1494,customer1494@mail.com,sold,Wheat,2023-05-28,2023-09-06,166,4150,101,53,29619.93,partial,52,215800,2023-09-06,186180.07
200,Customer_200,customer200@mail.com,storing,Rice,2023-07-20,2024-01-03,117,2925,167,60,39078.0,no,29,0,2024-01-03,-39078.0
529,Customer_529,customer529@mail.com,sold,Maize,2023-02-26,2023-06-15,178,8900,109,39,25222.6,yes,30,0,2023-06-15,-25222.6
1832,Customer_1832,customer1832@mail.com,storing,Wheat,2024-06-01,2024-08-11,88,2200,71,30,6248.0,no,36,0,2024-08-11,-6248.0
142,Customer_142,customer142@mail.com,storing,Barley,2023-03-18,2023-03-29,47,1175,11,20,344.67,yes,36,0,2023-03-29,-344.67
842,Customer_842,customer842@mail.com,stored,Millet,2023-03-25,2023-08-22,139,6950,150,38,26410.0,partial,43,0,2023-08-22,-26410.0
1830,Customer_1830,customer1830@mail.com,stored,Sorghum,2024-02-07,2024-05-25,100,2500,108,49,17640.0,yes,49,0,2024-05-25,-17640.0
1436,Customer_1436,customer1436@mail.com,storing,Maize,2023-11-19,2024-01-20,129,3225,62,28,7464.8,no,25,80625,2024-01-20,73160.2
306,Customer_306,customer306@mail.com,stored,Wheat,2024-04-20,2024-06-15,156,3900,56,58,16889.6,no,42,0,2024-06-15,-16889.6
1044,Customer_1044,customer1044@mail.com,stored,Sorghum,2023-01-24,2023-05-08,51,1275,104,48,8486.4,partial,26,0,2023-05-08,-8486.4
1784,Customer_1784,customer1784@mail.com,stored,Rice,2023-04-21,2023-10-15,155,7750,177,37,33836.5,yes,40,310000,2023-10-15,276163.5
1712,Customer_1712,customer1712@mail.com,storing,Millet,2024-02-05,2024-05-06,19,475,91,33,1901.9,partial,45,21375,2024-05-06,19473.1
1156,Customer_1156,customer1156@mail.com,stored,Barley,2024-03-17,2024-07-29,180,4500,134,37,29748.0,no,42,0,2024-07-29,-29748.0
1605,Customer_1605,customer1605@mail.com,sold,Barley,2024-04-19,2024-08-17,106,2650,120,49,20776.0,no,52,137800,2024-08-17,117024.0
1156,Customer_1156,customer1156@mail.com,stored,Barley,2023-02-09,2023-06-24,55,2750,135,33,8167.5,partial,47,0,2023-06-24,-8167.5
1515,Customer_1515,customer1515@mail.com,storing,Maize,2024-05-16,2024-07-28,96,2400,73,26,6073.6,yes,55,132000,2024-07-28,125926.4
1325,Customer_1325,customer1325@mail.com,storing,Wheat,2023-06-15,2023-08-29,160,8000,75,54,21600.0,partial,50,400000,2023-08-29,378400.0
1679,Customer_1679,customer1679@mail.com,stored,Barley,2024-01-12,2024-07-04,10,500,174,31,1798.0,partial,44,22000,2024-07-04,20202.0
305,Customer_305,customer305@mail.com,stored,Barley,2023-02-25,2023-04-16,43,1075,50,49,3511.67,partial,55,0,2023-04-16,-3511.67
1398,Customer_1398,customer1398@mail.com,storing,Millet,2023-09-12,2024-01-22,99,4950,132,42,18295.2,no,29,143550,2024-01-22,125254.8
1786,Customer_1786,customer1786@mail.com,storing,Sorghum,2023-05-10,2023-08-11,110,5500,93,44,15004.0,partial,27,148500,2023-08-11,133496.0
1047,Customer_1047,customer1047@mail.com,stored,Maize,2023-09-29,2023-10-29,55,2750,30,46,2530.0,partial,54,148500,2023-10-29,145970.0
280,Customer_280,customer280@mail.com,sold,Maize,2023-12-25,2024-05-16,26,650,143,38,4709.47,yes,47,30550,2024-05-16,25840.53
1213,Customer_1213,customer1213@mail.com,stored,Rice,2024-01-30,2024-07-09,46,2300,161,38,9380.93,no,30,69000,2024-07-09,59619.07
389,Customer_389,customer389@mail.com,storing,Rice,2024-02-04,2024-04-02,87,2175,58,53,8914.6,no,31,0,2024-04-02,-8914.6
1486,Customer_1486,customer1486@mail.com,stored,Rice,2023-01-07,2023-05-17,11,550,130,29,1382.33,no,35,0,2023-05-17,-1382.33
1189,Customer_1189,customer1189@mail.com,storing,Millet,2023-08-11,2023-09-28,70,3500,48,49,5488.0,no,48,0,2023-09-28,-5488.0
1223,Customer_1223,customer1223@mail.com,sold,Maize,2023-03-08,2023-08-13,119,5950,158,34,21308.93,yes,42,249900,2023-08-13,228591.07
1365,Customer_1365,customer1365@mail.com,stored,Barley,2024-06-09,2024-09-24,75,1875,107,37,9897.5,yes,50,0,2024-09-24,-9897.5
869,Customer_869,customer869@mail.com,stored,Maize,2023-03-31,2023-04-24,150,7500,24,40,4800.0,no,36,0,2023-04-24,-4800.0
1166,Customer_1166,customer1166@mail.com,storing,Rice,2023-04-12,2023-09-28,111,5550,169,23,14381.9,yes,25,138750,2023-09-28,124368.1
1363,Customer_1363,customer1363@mail.com,sold,Barley,2023-09-09,2024-02-06,54,2700,150,60,16200.0,yes,39,0,2024-02-06,-16200.0
745,Customer_745,customer745@mail.com,stored,Sorghum,2024-02-19,2024-07-13,194,9700,145,51,47821.0,partial,55,0,2024-07-13,-47821.0
395,Customer_395,customer395@mail.com,storing,Rice,2023-03-12,2023-08-06,150,3750,147,60,44100.0,yes,41,153750,2023-08-06,109650.0
1648,Customer_1648,customer1648@mail.com,stored,Millet,2024-07-05,2024-09-15,118,2950,72,37,10478.4,no,49,0,2024-09-15,-10478.4
16,Customer_16,customer16@mail.com,sold,Millet,2023-03-19,2023-04-12,156,7800,24,51,6364.8,yes,44,0,2023-04-12,-6364.8
1617,Customer_1617,customer1617@mail.com,storing,Wheat,2024-03-08,2024-04-15,191,9550,38,30,7258.0,no,34,0,2024-04-15,-7258.0
1407,Customer_1407,customer1407@mail.com,stored,Rice,2023-02-09,2023-05-28,25,625,108,45,4050.0,yes,53,0,2023-05-28,-4050.0
916,Customer_916,customer916@mail.com,stored,Sorghum,2024-02-21,2024-08-12,17,425,173,53,5195.77,yes,29,0,2024-08-12,-5195.77
603,Customer_603,customer603@mail.com,storing,Wheat,2024-05-06,2024-10-31,52,2600,178,48,14809.6,no,31,0,2024-10-31,-14809.6
553,Customer_553,customer553@mail.com,stored,Millet,2024-05-12,2024-07-20,200,10000,69,34,15640.0,no,34,0,2024-07-20,-15640.0
768,Customer_768,customer768@mail.com,stored,Wheat,2023-11-28,2023-12-13,103,2575,15,48,2472.0,no,30,77250,2023-12-13,74778.0
1655,Customer_1655,customer1655@mail.com,storing,Barley,2024-05-23,2024-07-31,181,9050,69,23,9574.9,yes,33,298650,2024-07-31,289075.1
595,Customer_595,customer595@mail.com,storing,Wheat,2023-08-10,2023-09-07,93,2325,28,45,3906.0,no,27,62775,2023-09-07,58869.0
126,Customer_126,customer126@mail.com,storing,Sorghum,2023-12-16,2024-03-25,66,3300,100,45,9900.0,yes,49,0,2024-03-25,-9900.0
1558,Customer_1558,customer1558@mail.com,storing,Millet,2023-08-10,2024-02-03,170,8500,177,51,51153.0,no,29,0,2024-02-03,-51153.0
1599,Customer_1599,customer1599@mail.com,storing,Rice,2024-03-31,2024-07-29,125,6250,120,33,16500.0,no,31,193750,2024-07-29,177250.0
885,Customer_885,customer885@mail.com,sold,Rice,2023-11-11,2024-02-06,85,4250,87,53,13064.5,no,53,0,2024-02-06,-13064.5
946,Customer_946,customer946@mail.com,sold,Millet,2024-07-04,2024-09-30,16,400,88,59,2769.07,partial,27,0,2024-09-30,-2769.07
586,Customer_586,customer586@mail.com,storing,Sorghum,2024-03-24,2024-05-18,95,2375,55,59,10275.83,no,54,0,2024-05-18,-10275.83
444,Customer_444,customer444@mail.com,sold,Barley,2023-12-16,2024-04-06,144,7200,112,48,25804.8,yes,25,180000,2024-04-06,154195.2
448,Customer_448,customer448@mail.com,stored,Wheat,2024-02-07,2024-06-07,47,1175,121,26,4928.73,no,45,0,2024-06-07,-4928.73
1615,Customer_1615,customer1615@mail.com,stored,Maize,2024-05-10,2024-06-14,56,2800,35,50,3266.67,partial,48,0,2024-06-14,-3266.67
1289,Customer_1289,customer1289@mail.com,stored,Barley,2024-02-27,2024-08-06,96,2400,161,38,19577.6,no,50,0,2024-08-06,-19577.6
1853,Customer_1853,customer1853@mail.com,stored,Sorghum,2023-10-13,2023-11-02,44,1100,20,31,909.33,partial,25,27500,2023-11-02,26590.67
884,Customer_884,customer884@mail.com,storing,Sorghum,2024-04-18,2024-07-12,86,2150,85,30,7310.0,partial,51,0,2024-07-12,-7310.0
376,Customer_376,customer376@mail.com,sold,Wheat,2023-12-20,2024-03-13,197,9850,84,55,30338.0,no,45,443250,2024-03-13,412912.0
279,Customer_279,customer279@mail.com,stored,Sorghum,2023-12-07,2024-04-12,158,3950,127,21,14046.2,partial,43,0,2024-04-12,-14046.2
1476,Customer_1476,customer1476@mail.com,stored,Rice,2023-03-14,2023-06-27,78,1950,105,26,7098.0,no,36,70200,2023-06-27,63102.0
548,Customer_548,customer548@mail.com,stored,Sorghum,2023-02-08,2023-07-03,101,5050,145,42,20503.0,yes,30,0,2023-07-03,-20503.0
1797,Customer_1797,customer1797@mail.com,stored,Wheat,2024-03-03,2024-04-24,78,1950,52,46,6219.2,partial,48,0,2024-04-24,-6219.2
404,Customer_404,customer404@mail.com,storing,Maize,2024-05-24,2024-10-09,182,9100,138,30,25116.0,yes,36,0,2024-10-09,-25116.0
642,Customer_642,customer642@mail.com,storing,Millet,2023-12-13,2024-04-05,91,2275,114,44,15215.2,yes,55,125125,2024-04-05,109909.8
237,Customer_237,customer237@mail.com,sold,Millet,2024-04-06,2024-06-23,119,2975,78,51,15779.4,no,51,0,2024-06-23,-15779.4
106,Customer_106,customer106@mail.com,stored,Millet,2023-10-06,2024-03-24,52,2600,170,21,6188.0,partial,40,0,2024-03-24,-6188.0
776,Customer_776,customer776@mail.com,storing,Rice,2024-02-24,2024-06-03,27,1350,100,52,4680.0,yes,28,0,2024-06-03,-4680.0
1083,Customer_1083,customer1083@mail.com,storing,Maize,2023-05-09,2023-05-25,99,4950,16,45,2376.0,partial,38,0,2023-05-25,-2376.0
202,Customer_202,customer202@mail.com,storing,Millet,2023-01-08,2023-05-06,156,3900,118,35,21476.0,partial,35,136500,2023-05-06,115024.0
1326,Customer_1326,customer1326@mail.com,sold,Wheat,2024-07-02,2024-09-17,20,1000,77,45,2310.0,partial,39,39000,2024-09-17,36690.0
1150,Customer_1150,customer1150@mail.com,sold,Sorghum,2024-02-24,2024-08-05,15,375,163,40,3260.0,no,30,11250,2024-08-05,7990.0
1445,Customer_1445,customer1445@mail.com,stored,Wheat,2023-08-18,2024-01-31,192,4800,166,41,43558.4,partial,34,0,2024-01-31,-43558.4
1940,Customer_1940,customer1940@mail.com,sold,Maize,2023-07-18,2023-10-01,117,2925,75,50,14625.0,no,46,134550,2023-10-01,119925.0
1433,Customer_1433,customer1433@mail.com,storing,Maize,2024-08-10,2025-02-03,158,7900,177,27,25169.4,partial,29,0,2025-02-03,-25169.4
1941,Customer_1941,customer1941@mail.com,stored,Wheat,2023-08-23,2023-10-05,99,2475,43,41,5817.9,yes,26,64350,2023-10-05,58532.1
856,Customer_856,customer856@mail.com,stored,Sorghum,2024-04-09,2024-08-11,87,2175,124,21,7551.6,yes,52,113100,2024-08-11,105548.4
109,Customer_109,customer109@mail.com,storing,Wheat,2023-11-07,2024-02-20,30,1500,105,27,2835.0,partial,28,42000,2024-02-20,39165.0
911,Customer_911,customer911@mail.com,storing,Maize,2023-03-08,2023-07-10,23,1150,124,37,3517.47,yes,45,0,2023-07-10,-3517.47
1159,Customer_1159,customer1159@mail.com,stored,Barley,2023-12-09,2024-04-08,176,4400,121,50,35493.33,yes,45,198000,2024-04-08,162506.67
1376,Customer_1376,customer1376@mail.com,storing,Sorghum,2024-04-05,2024-08-25,144,3600,142,58,39532.8,no,39,0,2024-08-25,-39532.8
185,Customer_185,customer185@mail.com,sold,Barley,2023-10-12,2023-12-12,167,4175,61,32,10866.13,partial,53,221275,2023-12-12,210408.87
336,Customer_336,customer336@mail.com,sold,Millet,2024-06-26,2024-08-30,138,6900,65,23,6877.0,partial,48,331200,2024-08-30,324323.0
590,Customer_590,customer590@mail.com,stored,Maize,2024-07-02,2024-09-23,113,5650,83,26,8128.47,yes,49,0,2024-09-23,-8128.47
1768,Customer_1768,customer1768@mail.com,sold,Millet,2024-06-14,2024-09-28,76,3800,106,40,10741.33,partial,43,0,2024-09-28,-10741.33
209,Customer_209,customer209@mail.com,storing,Barley,2023-09-11,2023-11-22,127,3175,72,25,7620.0,yes,33,0,2023-11-22,-7620.0
336,Customer_336,customer336@mail.com,storing,Sorghum,2024-01-09,2024-02-11,24,600,33,56,1478.4,no,41,0,2024-02-11,-1478.4
1173,Customer_1173,customer1173@mail.com,sold,Barley,2023-01-30,2023-04-10,38,1900,70,59,5231.33,yes,45,0,2023-04-10,-5231.33
531,Customer_531,customer531@mail.com,stored,Maize,2024-06-22,2024-10-04,83,2075,104,44,12660.27,no,31,0,2024-10-04,-12660.27
530,Customer_530,customer530@mail.com,stored,Wheat,2024-06-29,2024-09-17,127,6350,80,33,11176.0,no,31,0,2024-09-17,-11176.0
1594,Customer_1594,customer1594@mail.com,stored,Millet,2023-07-26,2023-12-23,51,1275,150,40,10200.0,yes,55,0,2023-12-23,-10200.0
21,Customer_21,customer21@mail.com,storing,Millet,2023-06-23,2023-10-27,107,5350,126,37,16627.8,partial,34,0,2023-10-27,-16627.8
721,Customer_721,customer721@mail.com,storing,Maize,2023-11-25,2024-03-12,63,1575,108,39,8845.2,yes,55,86625,2024-03-12,77779.8
1619,Customer_1619,customer1619@mail.com,storing,Millet,2024-07-25,2024-10-29,171,4275,96,51,27907.2,no,32,136800,2024-10-29,108892.8
702,Customer_702,customer702@mail.com,stored,Sorghum,2024-04-13,2024-05-20,48,2400,37,32,1894.4,yes,53,0,2024-05-20,-1894.4
410,Customer_410,customer410@mail.com,stored,Millet,2023-12-30,2024-05-04,71,3550,126,36,10735.2,no,34,120700,2024-05-04,109964.8
512,Customer_512,customer512@mail.com,storing,Wheat,2023-11-29,2024-05-03,11,550,156,22,1258.4,no,49,26950,2024-05-03,25691.6
566,Customer_566,customer566@mail.com,stored,Rice,2024-05-15,2024-10-01,198,9900,139,40,36696.0,no,27,0,2024-10-01,-36696.0
1256,Customer_1256,customer1256@mail.com,storing,Maize,2023-09-01,2024-01-22,38,1900,143,41,7426.47,yes,45,0,2024-01-22,-7426.47
690,Customer_690,customer690@mail.com,sold,Maize,2023-01-28,2023-05-23,36,900,115,57,7866.0,no,47,42300,2023-05-23,34434.0
1733,Customer_1733,customer1733@mail.com,storing,Millet,2023-06-14,2023-11-29,197,4925,168,22,24270.4,yes,28,137900,2023-11-29,113629.6
1260,Customer_1260,customer1260@mail.com,storing,Wheat,2024-05-31,2024-09-19,182,9100,111,28,18855.2,partial,30,0,2024-09-19,-18855.2
171,Customer_171,customer171@mail.com,sold,Maize,2023-10-31,2023-12-30,192,9600,60,25,9600.0,yes,52,0,2023-12-30,-9600.0
69,Customer_69,customer69@mail.com,storing,Maize,2023-10-05,2024-01-31,38,1900,118,29,4334.53,partial,26,0,2024-01-31,-4334.53
215,Customer_215,customer215@mail.com,stored,Sorghum,2023-03-01,2023-04-05,64,1600,35,30,2240.0,no,25,40000,2023-04-05,37760.0
1401,Customer_1401,customer1401@mail.com,sold,Wheat,2024-03-14,2024-08-13,82,4100,152,58,24097.07,yes,41,168100,2024-08-13,144002.93
832,Customer_832,customer832@mail.com,stored,Barley,2023-02-21,2023-07-02,68,3400,131,23,6829.47,partial,28,95200,2023-07-02,88370.53
1486,Customer_1486,customer1486@mail.com,stored,Millet,2024-08-03,2024-12-28,77,3850,147,20,7546.0,no,27,103950,2024-12-28,96404.0
1262,Customer_1262,customer1262@mail.com,stored,Rice,2024-02-02,2024-02-22,101,5050,20,22,1481.33,partial,26,131300,2024-02-22,129818.67
1849,Customer_1849,customer1849@mail.com,stored,Maize,2023-01-08,2023-04-20,197,4925,102,28,18754.4,partial,31,0,2023-04-20,-18754.4
797,Customer_797,customer797@mail.com,sold,Sorghum,2024-01-26,2024-06-15,95,2375,141,59,26343.5,yes,45,106875,2024-06-15,80531.5
1115,Customer_1115,customer1115@mail.com,storing,Wheat,2023-06-18,2023-10-01,37,925,105,32,4144.0,partial,47,0,2023-10-01,-4144.0
935,Customer_935,customer935@mail.com,stored,Wheat,2023-01-31,2023-07-30,148,3700,180,32,28416.0,partial,51,0,2023-07-30,-28416.0
1092,Customer_1092,customer1092@mail.com,storing,Rice,2023-09-27,2023-10-27,52,2600,30,32,1664.0,partial,37,96200,2023-10-27,94536.0
1778,Customer_1778,customer1778@mail.com,stored,Barley,2023-09-01,2023-11-29,179,4475,89,30,15931.0,no,34,0,2023-11-29,-15931.0
1047,Customer_1047,customer1047@mail.com,sold,Maize,2023-01-30,2023-06-22,53,1325,143,57,14400.1,yes,38,50350,2023-06-22,35949.9
119,Customer_119,customer119@mail.com,sold,Barley,2023-08-20,2023-09-01,58,2900,12,42,974.4,yes,28,0,2023-09-01,-974.4
243,Customer_243,customer243@mail.com,sold,Maize,2023-06-14,2023-08-31,192,4800,78,44,21964.8,no,31,148800,2023-08-31,126835.2
476,Customer_476,customer476@mail.com,storing,Rice,2024-05-24,2024-09-24,60,1500,123,34,8364.0,yes,48,0,2024-09-24,-8364.0
925,Customer_925,customer925@mail.com,sold,Sorghum,2024-03-19,2024-06-01,129,6450,74,52,16546.4,partial,46,296700,2024-06-01,280153.6
1344,Customer_1344,customer1344@mail.com,stored,Wheat,2023-07-31,2023-10-31,88,2200,92,51,13763.2,yes,52,0,2023-10-31,-13763.2
1111,Customer_1111,customer1111@mail.com,stored,Millet,2023-01-05,2023-01-20,64,3200,15,40,1280.0,partial,50,0,2023-01-20,-1280.0
1415,Customer_1415,customer1415@mail.com,storing,Barley,2023-08-13,2024-01-07,78,1950,147,27,10319.4,partial,48,0,2024-01-07,-10319.4
1407,Customer_1407,customer1407@mail.com,storing,Rice,2023-02-25,2023-05-25,142,7100,89,33,13901.8,partial,33,234300,2023-05-25,220398.2
996,Customer_996,customer996@mail.com,storing,Wheat,2024-08-16,2024-09-07,61,1525,22,51,2281.4,no,44,0,2024-09-07,-2281.4
683,Customer_683,customer683@mail.com,stored,Maize,2023-05-10,2023-09-06,112,5600,119,33,14660.8,yes,53,0,2023-09-06,-14660.8
1920,Customer_1920,customer1920@mail.com,sold,Wheat,2023-05-02,2023-07-27,32,1600,86,30,2752.0,no,55,0,2023-07-27,-2752.0
1040,Customer_1040,customer1040@mail.com,sold,Maize,2023-10-01,2023-10-20,155,7750,19,29,2846.83,yes,28,0,2023-10-20,-2846.83
1843,Customer_1843,customer1843@mail.com,sold,Millet,2023-05-07,2023-08-18,176,4400,103,25,15106.67,partial,53,233200,2023-08-18,218093.33
259,Customer_259,customer259@mail.com,stored,Barley,2023-09-07,2023-11-03,23,575,57,54,2359.8,no,44,25300,2023-11-03,22940.2
492,Customer_492,customer492@mail.com,sold,Rice,2023-11-21,2024-04-04,116,5800,135,27,14094.0,partial,34,197200,2024-04-04,183106.0
93,Customer_93,customer93@mail.com,stored,Sorghum,2023-10-03,2023-11-26,123,3075,54,37,8191.8,no,50,153750,2023-11-26,145558.2
1939,Customer_1939,customer1939@mail.com,storing,Maize,2023-04-17,2023-07-26,123,3075,100,29,11890.0,yes,41,0,2023-07-26,-11890.0
1808,Customer_1808,customer1808@mail.com,stored,Wheat,2024-03-10,2024-05-23,177,8850,74,43,18773.8,partial,47,415950,2024-05-23,397176.2
926,Customer_926,customer926@mail.com,storing,Barley,2023-06-01,2023-11-05,66,3300,157,40,13816.0,yes,40,0,2023-11-05,-13816.0
1807,Customer_1807,customer1807@mail.com,sold,Maize,2024-05-13,2024-08-02,136,3400,81,53,19461.6,partial,25,0,2024-08-02,-19461.6
1546,Customer_1546,customer1546@mail.com,storing,Sorghum,2023-03-01,2023-05-24,159,3975,84,33,14691.6,partial,27,107325,2023-05-24,92633.4
646,Customer_646,customer646@mail.com,stored,Millet,2023-06-21,2023-11-24,100,2500,156,38,19760.0,partial,33,0,2023-11-24,-19760.0
1005,Customer_1005,customer1005@mail.com,stored,Wheat,2024-08-11,2024-11-25,184,4600,106,58,37707.73,no,46,0,2024-11-25,-37707.73
526,Customer_526,customer526@mail.com,sold,Rice,2023-05-09,2023-05-30,138,6900,21,38,3670.8,partial,54,372600,2023-05-30,368929.2
222,Customer_222,customer222@mail.com,sold,Maize,2023-10-30,2023-12-31,166,4150,62,59,20240.93,yes,47,195050,2023-12-31,174809.07
423,Customer_423,customer423@mail.com,stored,Sorghum,2023-11-11,2024-04-28,75,1875,169,46,19435.0,partial,50,93750,2024-04-28,74315.0
1216,Customer_1216,customer1216@mail.com,sold,Wheat,2024-01-20,2024-02-14,77,3850,25,46,2951.67,yes,48,184800,2024-02-14,181848.33
1006,Customer_1006,customer1006@mail.com,storing,Sorghum,2023-04-24,2023-07-21,199,4975,88,48,28019.2,yes,28,0,2023-07-21,-28019.2
1024,Customer_1024,customer1024@mail.com,sold,Barley,2024-02-01,2024-02-21,141,3525,20,23,2162.0,yes,32,0,2024-02-21,-2162.0
1831,Customer_1831,customer1831@mail.com,storing,Millet,2023-08-15,2023-08-26,192,4800,11,44,3097.6,no,44,211200,2023-08-26,208102.4
996,Customer_996,customer996@mail.com,sold,Wheat,2023-04-27,2023-05-14,13,650,17,20,147.33,yes,41,26650,2023-05-14,26502.67
1877,Customer_1877,customer1877@mail.com,storing,Maize,2023-09-05,2023-10-31,66,1650,56,31,3819.2,yes,36,59400,2023-10-31,55580.8
799,Customer_799,customer799@mail.com,stored,Millet,2024-03-09,2024-04-06,36,1800,28,20,672.0,partial,31,0,2024-04-06,-672.0
158,Customer_158,customer158@mail.com,sold,Rice,2024-05-29,2024-10-07,75,1875,131,50,16375.0,yes,25,0,2024-10-07,-16375.0
248,Customer_248,customer248@mail.com,storing,Barley,2024-02-20,2024-06-10,25,625,111,36,3330.0,partial,25,15625,2024-06-10,12295.0
1323,Customer_1323,customer1323@mail.com,sold,Barley,2023-12-27,2024-02-23,174,8700,58,25,8410.0,no,52,0,2024-02-23,-8410.0
803,Customer_803,customer803@mail.com,stored,Barley,2024-06-18,2024-08-15,184,4600,58,39,13873.6,yes,47,0,2024-08-15,-13873.6
1115,Customer_1115,customer1115@mail.com,storing,Barley,2024-06-29,2024-07-25,190,4750,26,44,7245.33,partial,29,0,2024-07-25,-7245.33
1233,Customer_1233,customer1233@mail.com,storing,Millet,2023-01-04,2023-06-03,133,6650,150,39,25935.0,yes,46,0,2023-06-03,-25935.0
722,Customer_722,customer722@mail.com,storing,Rice,2023-03-18,2023-08-26,45,1125,161,31,7486.5,partial,48,0,2023-08-26,-7486.5
214,Customer_214,customer214@mail.com,sold,Barley,2023-09-14,2024-02-16,26,650,155,49,6582.33,yes,37,24050,2024-02-16,17467.67
1253,Customer_1253,customer1253@mail.com,storing,Wheat,2023-06-22,2023-08-29,47,2350,68,58,6178.93,yes,35,82250,2023-08-29,76071.07
657,Customer_657,customer657@mail.com,stored,Millet,2024-04-17,2024-07-09,169,4225,83,30,14027.0,partial,25,0,2024-07-09,-14027.0
447,Customer_447,customer447@mail.com,storing,Barley,2023-10-02,2023-11-25,64,1600,54,60,6912.0,yes,42,0,2023-11-25,-6912.0
778,Customer_778,customer778@mail.com,storing,Wheat,2023-06-11,2023-06-21,197,4925,10,27,1773.0,partial,30,0,2023-06-21,-1773.0
582,Customer_582,customer582@mail.com,stored,Wheat,2024-05-04,2024-05-28,12,300,24,42,403.2,partial,54,16200,2024-05-28,15796.8
654,Customer_654,customer654@mail.com,sold,Sorghum,2023-06-16,2023-11-09,168,8400,146,43,35156.8,partial,55,0,2023-11-09,-35156.8
1571,Customer_1571,customer1571@mail.com,sold,Wheat,2023-08-09,2023-12-24,132,6600,137,33,19892.4,yes,26,171600,2023-12-24,151707.6
630,Customer_630,customer630@mail.com,storing,Millet,2023-05-28,2023-07-27,57,1425,60,37,4218.0,yes,49,0,2023-07-27,-4218.0
1488,Customer_1488,customer1488@mail.com,storing,Wheat,2024-05-10,2024-10-16,31,775,159,55,9036.5,partial,38,29450,2024-10-16,20413.5
1026,Customer_1026,customer1026@mail.com,sold,Millet,2023-05-21,2023-06-28,19,950,38,34,818.27,yes,35,0,2023-06-28,-818.27
1814,Customer_1814,customer1814@mail.com,sold,Barley,2023-03-03,2023-07-25,188,4700,144,26,23462.4,yes,32,0,2023-07-25,-23462.4
190,Customer_190,customer190@mail.com,sold,Millet,2023-10-22,2023-11-24,85,2125,33,28,2618.0,yes,47,0,2023-11-24,-2618.0
599,Customer_599,customer599@mail.com,storing,Sorghum,2024-08-09,2024-12-15,21,525,128,49,4390.4,partial,51,0,2024-12-15,-4390.4
794,Customer_794,customer794@mail.com,stored,Barley,2024-01-13,2024-06-10,165,8250,149,41,33599.5,no,45,371250,2024-06-10,337650.5
83,Customer_83,customer83@mail.com,storing,Rice,2023-10-05,2023-10-24,20,1000,19,35,443.33,yes,31,0,2023-10-24,-443.33
725,Customer_725,customer725@mail.com,storing,Millet,2024-04-21,2024-07-09,199,9950,79,55,28821.83,partial,38,0,2024-07-09,-28821.83
1320,Customer_1320,customer1320@mail.com,stored,Barley,2023-01-12,2023-03-25,171,4275,72,28,11491.2,partial,29,0,2023-03-25,-11491.2
1281,Customer_1281,customer1281@mail.com,sold,Millet,2024-05-07,2024-07-26,23,1150,80,31,1901.33,yes,47,54050,2024-07-26,52148.67
1648,Customer_1648,customer1648@mail.com,stored,Barley,2023-05-07,2023-09-19,192,4800,135,22,19008.0,no,41,0,2023-09-19,-19008.0
1019,Customer_1019,customer1019@mail.com,storing,Wheat,2024-01-08,2024-07-05,63,1575,179,47,17667.3,partial,28,44100,2024-07-05,26432.7
1418,Customer_1418,customer1418@mail.com,stored,Millet,2023-05-12,2023-06-12,110,5500,31,21,2387.0,no,43,0,2023-06-12,-2387.0
1941,Customer_1941,customer1941@mail.com,storing,Wheat,2023-07-03,2023-11-26,117,5850,146,59,33594.6,partial,47,274950,2023-11-26,241355.4
1662,Customer_1662,customer1662@mail.com,sold,Millet,2024-05-11,2024-08-16,115,2875,97,48,17848.0,no,43,123625,2024-08-16,105777.0
1254,Customer_1254,customer1254@mail.com,stored,Maize,2023-02-15,2023-07-01,191,9550,136,58,50220.27,no,29,276950,2023-07-01,226729.73
686,Customer_686,customer686@mail.com,storing,Sorghum,2023-03-14,2023-08-04,32,800,143,58,8846.93,yes,47,37600,2023-08-04,28753.07
1411,Customer_1411,customer1411@mail.com,storing,Sorghum,2023-11-29,2024-03-31,34,1700,123,38,5297.2,yes,36,0,2024-03-31,-5297.2
1201,Customer_1201,customer1201@mail.com,storing,Rice,2023-07-02,2023-10-01,140,7000,91,59,25055.33,partial,36,252000,2023-10-01,226944.67
1963,Customer_1963,customer1963@mail.com,stored,Rice,2023-04-02,2023-07-01,148,7400,90,29,12876.0,partial,25,0,2023-07-01,-12876.0
978,Customer_978,customer978@mail.com,sold,Maize,2023-05-08,2023-08-15,14,700,99,49,2263.8,no,30,0,2023-08-15,-2263.8
1416,Customer_1416,customer1416@mail.com,sold,Maize,2023-07-04,2023-08-09,20,500,36,26,624.0,yes,54,27000,2023-08-09,26376.0
670,Customer_670,customer670@mail.com,stored,Maize,2023-01-09,2023-06-10,188,9400,152,29,27623.47,no,47,0,2023-06-10,-27623.47
1363,Customer_1363,customer1363@mail.com,sold,Wheat,2023-12-11,2024-02-23,82,4100,74,58,11731.47,partial,55,0,2024-02-23,-11731.47
1675,Customer_1675,customer1675@mail.com,sold,Millet,2023-11-29,2024-04-04,125,6250,127,29,15345.83,yes,45,281250,2024-04-04,265904.17
1697,Customer_1697,customer1697@mail.com,storing,Barley,2023-12-15,2024-04-29,15,375,136,52,3536.0,no,53,0,2024-04-29,-3536.0
607,Customer_607,customer607@mail.com,stored,Rice,2024-05-02,2024-06-18,161,8050,47,60,15134.0,yes,41,0,2024-06-18,-15134.0
856,Customer_856,customer856@mail.com,stored,Millet,2024-07-29,2024-12-25,78,3900,149,57,22081.8,no,27,105300,2024-12-25,83218.2
456,Customer_456,customer456@mail.com,storing,Wheat,2024-03-07,2024-05-01,59,2950,55,49,5300.17,partial,54,0,2024-05-01,-5300.17
779,Customer_779,customer779@mail.com,sold,Wheat,2024-07-20,2024-12-19,52,2600,152,37,9748.27,no,41,106600,2024-12-19,96851.73
489,Customer_489,customer489@mail.com,storing,Maize,2023-09-18,2023-10-03,49,2450,15,38,931.0,no,27,66150,2023-10-03,65219.0
1414,Customer_1414,customer1414@mail.com,sold,Millet,2024-01-03,2024-02-21,108,2700,49,21,3704.4,yes,45,0,2024-02-21,-3704.4
1101,Customer_1101,customer1101@mail.com,stored,Sorghum,2023-07-01,2023-09-10,121,6050,71,24,6872.8,partial,28,169400,2023-09-10,162527.2
1339,Customer_1339,customer1339@mail.com,stored,Barley,2023-05-27,2023-10-31,160,4000,157,33,27632.0,partial,54,0,2023-10-31,-27632.0
154,Customer_154,customer154@mail.com,storing,Millet,2023-02-08,2023-05-05,194,9700,86,45,25026.0,yes,32,310400,2023-05-05,285374.0
634,Customer_634,customer634@mail.com,storing,Sorghum,2024-06-17,2024-08-07,57,2850,51,32,3100.8,no,53,0,2024-08-07,-3100.8
727,Customer_727,customer727@mail.com,stored,Rice,2024-04-06,2024-05-03,104,5200,27,51,4773.6,yes,37,0,2024-05-03,-4773.6
1246,Customer_1246,customer1246@mail.com,storing,Maize,2023-09-16,2023-10-05,44,2200,19,27,752.4,yes,25,55000,2023-10-05,54247.6
667,Customer_667,customer667@mail.com,sold,Millet,2024-05-28,2024-10-04,128,6400,129,56,30822.4,yes,29,0,2024-10-04,-30822.4
389,Customer_389,customer389@mail.com,sold,Sorghum,2024-03-18,2024-09-04,106,5300,170,52,31234.67,partial,53,0,2024-09-04,-31234.67
978,Customer_978,customer978@mail.com,storing,Sorghum,2023-04-12,2023-08-31,97,4850,141,25,11397.5,partial,36,0,2023-08-31,-11397.5
1567,Customer_1567,customer1567@mail.com,storing,Sorghum,2024-07-03,2024-09-25,182,9100,84,22,11211.2,partial,39,0,2024-09-25,-11211.2
1134,Customer_1134,customer1134@mail.com,storing,Sorghum,2023-01-09,2023-05-27,179,8950,138,46,37876.4,partial,40,0,2023-05-27,-37876.4
1156,Customer_1156,customer1156@mail.com,sold,Barley,2023-12-23,2024-05-17,54,1350,146,26,6832.8,yes,36,48600,2024-05-17,41767.2
703,Customer_703,customer703@mail.com,storing,Millet,2023-01-16,2023-05-02,36,900,106,37,4706.4,partial,50,45000,2023-05-02,40293.6
1566,Customer_1566,customer1566@mail.com,storing,Wheat,2024-03-16,2024-07-05,16,800,111,47,2782.4,no,31,0,2024-07-05,-2782.4
870,Customer_870,customer870@mail.com,stored,Maize,2023-07-10,2023-10-24,121,3025,106,59,25224.47,yes,50,0,2023-10-24,-25224.47
1830,Customer_1830,customer1830@mail.com,storing,Millet,2024-03-05,2024-06-30,148,3700,117,54,31168.8,yes,27,0,2024-06-30,-31168.8
1186,Customer_1186,customer1186@mail.com,storing,Wheat,2023-08-10,2023-09-26,170,4250,47,32,8522.67,partial,44,0,2023-09-26,-8522.67
370,Customer_370,customer370@mail.com,storing,Wheat,2024-02-07,2024-06-17,74,3700,131,42,13571.6,no,49,181300,2024-06-17,167728.4
193,Customer_193,customer193@mail.com,sold,Maize,2023-06-26,2023-08-05,162,4050,40,31,6696.0,yes,43,174150,2023-08-05,167454.0
1451,Customer_1451,customer1451@mail.com,stored,Rice,2024-02-28,2024-05-05,25,1250,67,22,1228.33,yes,35,43750,2024-05-05,42521.67
140,Customer_140,customer140@mail.com,storing,Sorghum,2024-07-13,2024-08-10,77,1925,28,38,2730.93,yes,48,0,2024-08-10,-2730.93
1759,Customer_1759,customer1759@mail.com,sold,Sorghum,2023-05-14,2023-07-06,91,2275,53,50,8038.33,partial,45,102375,2023-07-06,94336.67
1193,Customer_1193,customer1193@mail.com,storing,Maize,2023-10-27,2023-12-17,14,700,51,31,737.8,yes,32,0,2023-12-17,-737.8
1406,Customer_1406,customer1406@mail.com,sold,Barley,2023-11-04,2024-01-13,35,1750,70,38,3103.33,no,51,89250,2024-01-13,86146.67
1914,Customer_1914,customer1914@mail.com,storing,Rice,2023-06-10,2023-10-08,175,8750,120,27,18900.0,yes,49,428750,2023-10-08,409850.0
408,Customer_408,customer408@mail.com,stored,Millet,2023-01-09,2023-06-01,173,4325,143,46,37933.13,yes,26,0,2023-06-01,-37933.13
969,Customer_969,customer969@mail.com,stored,Sorghum,2024-07-14,2025-01-08,52,1300,178,52,16043.73,yes,28,36400,2025-01-08,20356.27
65,Customer_65,customer65@mail.com,storing,Wheat,2024-01-23,2024-02-03,128,3200,11,22,1032.53,partial,30,96000,2024-02-03,94967.47
1716,Customer_1716,customer1716@mail.com,storing,Sorghum,2023-05-07,2023-05-27,50,2500,20,39,1300.0,yes,47,0,2023-05-27,-1300.0
1152,Customer_1152,customer1152@mail.com,stored,Sorghum,2023-06-11,2023-08-05,150,3750,55,30,8250.0,no,35,0,2023-08-05,-8250.0
1626,Customer_1626,customer1626@mail.com,sold,Maize,2023-11-30,2024-03-16,71,1775,107,54,13674.6,partial,40,0,2024-03-16,-13674.6
250,Customer_250,customer250@mail.com,sold,Millet,2023-07-08,2023-08-15,21,525,38,43,1143.8,yes,55,28875,2023-08-15,27731.2
138,Customer_138,customer138@mail.com,stored,Millet,2023-03-16,2023-06-19,126,6300,95,32,12768.0,partial,43,270900,2023-06-19,258132.0
1246,Customer_1246,customer1246@mail.com,sold,Maize,2023-04-01,2023-07-28,122,3050,118,20,9597.33,no,25,0,2023-07-28,-9597.33
164,Customer_164,customer164@mail.com,stored,Wheat,2024-08-17,2024-12-01,110,2750,106,52,20210.67,no,26,0,2024-12-01,-20210.67
645,Customer_645,customer645@mail.com,stored,Millet,2023-11-17,2024-01-13,175,4375,57,56,18620.0,yes,41,179375,2024-01-13,160755.0
532,Customer_532,customer532@mail.com,sold,Barley,2023-09-23,2024-02-06,130,6500,136,40,23573.33,partial,26,0,2024-02-06,-23573.33
826,Customer_826,customer826@mail.com,sold,Sorghum,2023-06-08,2023-09-28,50,2500,112,48,8960.0,yes,44,110000,2023-09-28,101040.0
1716,Customer_1716,customer1716@mail.com,stored,Sorghum,2024-02-17,2024-04-10,162,4050,53,48,13737.6,no,29,117450,2024-04-10,103712.4
1702,Customer_1702,customer1702@mail.com,storing,Millet,2023-12-05,2023-12-18,87,4350,13,30,1131.0,partial,40,174000,2023-12-18,172869.0
1454,Customer_1454,customer1454@mail.com,storing,Rice,2023-08-27,2023-10-01,34,850,35,56,2221.33,yes,52,0,2023-10-01,-2221.33
6,Customer_6,customer6@mail.com,storing,Millet,2023-10-17,2023-12-07,102,2550,51,57,9883.8,yes,29,73950,2023-12-07,64066.2
44,Customer_44,customer44@mail.com,stored,Sorghum,2024-02-25,2024-06-17,112,5600,113,48,20249.6,partial,55,308000,2024-06-17,287750.4
459,Customer_459,customer459@mail.com,sold,Maize,2024-05-05,2024-10-23,83,4150,171,36,17031.6,yes,55,0,2024-10-23,-17031.6
1525,Customer_1525,customer1525@mail.com,stored,Barley,2023-08-04,2023-09-29,12,600,56,26,582.4,no,42,0,2023-09-29,-582.4
1864,Customer_1864,customer1864@mail.com,storing,Wheat,2023-06-27,2023-07-10,126,3150,13,54,2948.4,no,48,151200,2023-07-10,148251.6
1734,Customer_1734,customer1734@mail.com,storing,Sorghum,2023-10-11,2023-12-17,73,1825,67,22,3586.73,no,34,0,2023-12-17,-3586.73
412,Customer_412,customer412@mail.com,stored,Wheat,2024-03-03,2024-05-21,54,2700,79,25,3555.0,yes,44,118800,2024-05-21,115245.0
218,Customer_218,customer218@mail.com,storing,Sorghum,2023-03-02,2023-08-05,91,2275,156,44,20820.8,no,40,91000,2023-08-05,70179.2
1139,Customer_1139,customer1139@mail.com,stored,Maize,2023-12-07,2023-12-28,47,2350,21,52,1710.8,partial,35,82250,2023-12-28,80539.2
1609,Customer_1609,customer1609@mail.com,sold,Wheat,2024-03-29,2024-07-26,140,3500,119,53,29432.67,yes,43,0,2024-07-26,-29432.67
1852,Customer_1852,customer1852@mail.com,storing,Wheat,2024-08-06,2024-09-14,137,6850,39,40,7124.0,yes,39,0,2024-09-14,-7124.0
1245,Customer_1245,customer1245@mail.com,stored,Barley,2023-01-10,2023-03-30,32,800,79,31,2612.27,no,45,36000,2023-03-30,33387.73
1832,Customer_1832,customer1832@mail.com,sold,Millet,2023-08-15,2023-12-25,122,6100,132,59,31671.2,yes,42,0,2023-12-25,-31671.2
349,Customer_349,customer349@mail.com,storing,Barley,2024-07-13,2024-08-30,135,6750,48,51,11016.0,no,27,182250,2024-08-30,171234.0
1073,Customer_1073,customer1073@mail.com,storing,Maize,2023-02-23,2023-04-12,132,3300,48,50,10560.0,partial,44,0,2023-04-12,-10560.0
203,Customer_203,customer203@mail.com,storing,Maize,2024-05-24,2024-11-06,190,9500,166,51,53618.0,yes,41,389500,2024-11-06,335882.0
1341,Customer_1341,customer1341@mail.com,storing,Rice,2023-08-09,2023-09-07,50,1250,29,20,966.67,no,40,50000,2023-09-07,49033.33
1630,Customer_1630,customer1630@mail.com,sold,Rice,2024-04-04,2024-06-25,32,800,82,42,3673.6,partial,55,0,2024-06-25,-3673.6
606,Customer_606,customer606@mail.com,storing,Barley,2023-04-14,2023-10-03,168,4200,172,51,49123.2,yes,51,0,2023-10-03,-49123.2
1216,Customer_1216,customer1216@mail.com,storing,Rice,2023-02-24,2023-06-07,134,6700,103,52,23923.47,partial,37,247900,2023-06-07,223976.53
609,Customer_609,customer609@mail.com,stored,Rice,2023-03-16,2023-04-06,13,325,21,55,500.5,yes,46,14950,2023-04-06,14449.5
1978,Customer_1978,customer1978@mail.com,stored,Wheat,2024-03-06,2024-05-06,185,9250,61,38,14294.33,no,32,0,2024-05-06,-14294.33
370,Customer_370,customer370@mail.com,stored,Millet,2023-08-24,2023-09-03,171,4275,10,27,1539.0,yes,42,179550,2023-09-03,178011.0
687,Customer_687,customer687@mail.com,stored,Maize,2024-02-18,2024-07-14,144,3600,147,52,36691.2,yes,55,198000,2024-07-14,161308.8
932,Customer_932,customer932@mail.com,sold,Maize,2024-05-15,2024-07-28,43,2150,74,50,5303.33,yes,43,92450,2024-07-28,87146.67
1895,Customer_1895,customer1895@mail.com,sold,Sorghum,2024-07-31,2024-11-28,174,4350,120,38,26448.0,partial,40,0,2024-11-28,-26448.0
1986,Customer_1986,customer1986@mail.com,stored,Millet,2023-10-05,2024-03-24,162,4050,171,28,25855.2,no,27,109350,2024-03-24,83494.8
185,Customer_185,customer185@mail.com,storing,Sorghum,2023-02-09,2023-06-22,22,1100,133,51,4974.2,no,44,48400,2023-06-22,43425.8
1645,Customer_1645,customer1645@mail.com,sold,Millet,2024-07-19,2025-01-10,22,1100,175,40,5133.33,yes,27,29700,2025-01-10,24566.67
727,Customer_727,customer727@mail.com,sold,Maize,2024-07-06,2024-07-21,18,450,15,56,504.0,yes,53,0,2024-07-21,-504.0
1461,Customer_1461,customer1461@mail.com,sold,Maize,2024-02-17,2024-05-10,196,9800,83,60,32536.0,no,42,0,2024-05-10,-32536.0
438,Customer_438,customer438@mail.com,storing,Maize,2023-11-07,2024-01-29,161,8050,83,32,14253.87,partial,48,386400,2024-01-29,372146.13
1833,Customer_1833,customer1833@mail.com,sold,Barley,2024-02-11,2024-05-27,196,9800,106,49,33934.13,yes,44,431200,2024-05-27,397265.87
571,Customer_571,customer571@mail.com,storing,Wheat,2023-03-30,2023-05-31,22,1100,62,24,1091.2,yes,31,0,2023-05-31,-1091.2
574,Customer_574,customer574@mail.com,stored,Rice,2023-07-15,2023-08-30,157,3925,46,54,12999.6,no,52,0,2023-08-30,-12999.6
100,Customer_100,customer100@mail.com,storing,Maize,2024-07-08,2024-07-20,162,8100,12,20,1296.0,partial,29,234900,2024-07-20,233604.0
966,Customer_966,customer966@mail.com,storing,Sorghum,2023-12-16,2024-02-20,189,9450,66,20,8316.0,no,50,0,2024-02-20,-8316.0
349,Customer_349,customer349@mail.com,stored,Sorghum,2024-07-25,2024-12-14,128,6400,142,47,28475.73,no,33,211200,2024-12-14,182724.27
1869,Customer_1869,customer1869@mail.com,sold,Barley,2024-06-19,2024-09-16,180,4500,89,44,23496.0,no,51,229500,2024-09-16,206004.0
615,Customer_615,customer615@mail.com,storing,Sorghum,2023-06-06,2023-10-02,171,8550,118,26,17487.6,partial,35,0,2023-10-02,-17487.6
124,Customer_124,customer124@mail.com,sold,Rice,2024-01-30,2024-06-17,131,3275,139,26,15781.13,yes,53,173575,2024-06-17,157793.87
1944,Customer_1944,customer1944@mail.com,storing,Millet,2023-07-21,2023-12-06,17,425,138,45,3519.0,no,27,11475,2023-12-06,7956.0
1123,Customer_1123,customer1123@mail.com,sold,Barley,2024-05-30,2024-07-07,74,3700,38,58,5436.53,no,52,0,2024-07-07,-5436.53
1544,Customer_1544,customer1544@mail.com,stored,Maize,2023-04-08,2023-07-12,136,6800,95,34,14642.67,no,32,0,2023-07-12,-14642.67
1837,Customer_1837,customer1837@mail.com,storing,Millet,2023-03-15,2023-04-07,177,8850,23,31,4206.7,no,46,407100,2023-04-07,402893.3
388,Customer_388,customer388@mail.com,sold,Barley,2023-11-17,2023-12-13,30,1500,26,58,1508.0,yes,30,0,2023-12-13,-1508.0
1697,Customer_1697,customer1697@mail.com,sold,Rice,2023-11-07,2023-12-04,157,3925,27,22,3108.6,yes,41,160925,2023-12-04,157816.4
926,Customer_926,customer926@mail.com,sold,Wheat,2024-06-07,2024-11-19,107,2675,165,22,12947.0,partial,47,125725,2024-11-19,112778.0
273,Customer_273,customer273@mail.com,storing,Wheat,2024-01-25,2024-03-05,174,4350,40,20,4640.0,yes,25,108750,2024-03-05,104110.0
88,Customer_88,customer88@mail.com,stored,Barley,2023-02-01,2023-03-29,190,4750,56,32,11349.33,yes,32,0,2023-03-29,-11349.33
1318,Customer_1318,customer1318@mail.com,sold,Maize,2024-01-24,2024-04-27,179,4475,94,25,14021.67,no,34,0,2024-04-27,-14021.67
726,Customer_726,customer726@mail.com,stored,Sorghum,2023-12-14,2024-04-12,160,8000,120,36,23040.0,no,47,376000,2024-04-12,352960.0
1853,Customer_1853,customer1853@mail.com,stored,Barley,2024-06-29,2024-11-12,33,1650,136,32,4787.2,yes,42,69300,2024-11-12,64512.8
1183,Customer_1183,customer1183@mail.com,storing,Rice,2023-10-16,2024-02-09,100,2500,116,28,10826.67,partial,43,107500,2024-02-09,96673.33
352,Customer_352,customer352@mail.com,storing,Rice,2023-06-21,2023-11-18,20,500,150,28,2800.0,no,44,0,2023-11-18,-2800.0
897,Customer_897,customer897@mail.com,storing,Barley,2023-12-30,2024-04-07,191,9550,99,40,25212.0,no,49,0,2024-04-07,-25212.0
863,Customer_863,customer863@mail.com,storing,Rice,2023-01-14,2023-04-01,166,8300,77,40,17042.67,partial,54,0,2023-04-01,-17042.67
740,Customer_740,customer740@mail.com,stored,Maize,2024-05-15,2024-11-10,12,300,179,41,2935.6,partial,48,14400,2024-11-10,11464.4
1195,Customer_1195,customer1195@mail.com,stored,Rice,2024-04-11,2024-06-14,146,7300,64,48,14950.4,partial,31,226300,2024-06-14,211349.6
40,Customer_40,customer40@mail.com,storing,Millet,2023-12-02,2024-02-26,182,9100,86,41,21391.07,partial,46,418600,2024-02-26,397208.93
1733,Customer_1733,customer1733@mail.com,stored,Barley,2023-08-08,2023-08-30,42,2100,22,48,1478.4,yes,31,0,2023-08-30,-1478.4
1132,Customer_1132,customer1132@mail.com,stored,Wheat,2023-02-27,2023-05-15,47,1175,77,33,3980.9,yes,54,0,2023-05-15,-3980.9
665,Customer_665,customer665@mail.com,storing,Sorghum,2023-02-15,2023-07-21,158,3950,156,52,42723.2,no,45,0,2023-07-21,-42723.2
29,Customer_29,customer29@mail.com,storing,Millet,2023-02-20,2023-05-29,87,2175,98,31,8810.2,yes,41,0,2023-05-29,-8810.2
1207,Customer_1207,customer1207@mail.com,stored,Barley,2024-03-23,2024-08-25,139,6950,155,21,15081.5,no,48,0,2024-08-25,-15081.5
551,Customer_551,customer551@mail.com,storing,Rice,2024-02-16,2024-03-27,85,4250,40,28,3173.33,no,27,0,2024-03-27,-3173.33
535,Customer_535,customer535@mail.com,storing,Rice,2023-08-31,2024-01-01,13,325,123,29,1545.7,no,44,0,2024-01-01,-1545.7
1310,Customer_1310,customer1310@mail.com,storing,Barley,2023-07-29,2023-09-22,145,7250,55,57,15152.5,no,34,0,2023-09-22,-15152.5
307,Customer_307,customer307@mail.com,sold,Rice,2023-07-22,2023-12-12,153,3825,143,23,16773.9,no,28,107100,2023-12-12,90326.1
1516,Customer_1516,customer1516@mail.com,sold,Wheat,2024-06-13,2024-10-06,92,4600,115,39,13754.0,partial,45,207000,2024-10-06,193246.0
217,Customer_217,customer217@mail.com,storing,Wheat,2023-12-06,2024-01-02,61,3050,27,36,1976.4,partial,54,0,2024-01-02,-1976.4
709,Customer_709,customer709@mail.com,stored,Maize,2024-06-20,2024-12-12,77,3850,175,27,12127.5,partial,49,0,2024-12-12,-12127.5
107,Customer_107,customer107@mail.com,sold,Wheat,2024-01-21,2024-02-28,46,2300,38,34,1981.07,no,31,71300,2024-02-28,69318.93
1754,Customer_1754,customer1754@mail.com,stored,Barley,2023-04-11,2023-08-13,98,2450,124,44,17822.93,no,32,0,2023-08-13,-17822.93
1673,Customer_1673,customer1673@mail.com,storing,Wheat,2023-06-03,2023-10-18,22,550,137,31,3114.47,no,28,15400,2023-10-18,12285.53
1545,Customer_1545,customer1545@mail.com,stored,Rice,2023-11-12,2024-01-09,150,3750,58,34,9860.0,partial,33,0,2024-01-09,-9860.0
1888,Customer_1888,customer1888@mail.com,sold,Rice,2023-01-28,2023-04-28,40,2000,90,32,3840.0,partial,32,0,2023-04-28,-3840.0
1251,Customer_1251,customer1251@mail.com,sold,Millet,2023-07-19,2023-11-09,101,2525,113,28,10652.13,no,45,113625,2023-11-09,102972.87
136,Customer_136,customer136@mail.com,storing,Millet,2024-05-17,2024-08-25,68,3400,100,48,10880.0,partial,38,129200,2024-08-25,118320.0
31,Customer_31,customer31@mail.com,storing,Millet,2024-05-07,2024-09-30,92,2300,146,31,13879.73,yes,25,57500,2024-09-30,43620.27
1229,Customer_1229,customer1229@mail.com,stored,Sorghum,2023-04-06,2023-09-01,147,7350,148,42,30458.4,no,28,205800,2023-09-01,175341.6
354,Customer_354,customer354@mail.com,storing,Rice,2023-01-07,2023-06-28,117,2925,172,25,16770.0,yes,34,99450,2023-06-28,82680.0
1196,Customer_1196,customer1196@mail.com,sold,Barley,2024-08-19,2025-01-12,99,4950,146,21,10117.8,partial,43,212850,2025-01-12,202732.2
1506,Customer_1506,customer1506@mail.com,sold,Millet,2023-12-14,2024-03-05,119,5950,82,52,16913.87,partial,45,267750,2024-03-05,250836.13
702,Customer_702,customer702@mail.com,storing,Millet,2024-05-31,2024-09-15,54,1350,107,42,8089.2,no,46,0,2024-09-15,-8089.2
1834,Customer_1834,customer1834@mail.com,sold,Millet,2024-05-20,2024-07-10,110,5500,51,30,5610.0,yes,43,236500,2024-07-10,230890.0
1997,Customer_1997,customer1997@mail.com,storing,Barley,2024-08-16,2024-09-22,83,2075,37,26,2661.53,partial,34,70550,2024-09-22,67888.47
848,Customer_848,customer848@mail.com,stored,Sorghum,2024-07-05,2024-07-31,33,1650,26,45,1287.0,partial,33,54450,2024-07-31,53163.0
651,Customer_651,customer651@mail.com,stored,Maize,2023-03-29,2023-09-23,35,1750,178,32,6645.33,yes,41,71750,2023-09-23,65104.67
418,Customer_418,customer418@mail.com,sold,Wheat,2024-05-18,2024-07-07,169,4225,50,51,14365.0,partial,26,109850,2024-07-07,95485.0
743,Customer_743,customer743@mail.com,sold,Barley,2024-03-29,2024-09-05,159,3975,160,34,28832.0,yes,55,0,2024-09-05,-28832.0
1029,Customer_1029,customer1029@mail.com,sold,Rice,2023-08-24,2024-02-19,103,2575,179,25,15364.17,yes,51,131325,2024-02-19,115960.83
805,Customer_805,customer805@mail.com,sold,Wheat,2023-03-15,2023-05-25,38,950,71,40,3597.33,yes,47,0,2023-05-25,-3597.33
1254,Customer_1254,customer1254@mail.com,stored,Maize,2024-02-12,2024-07-03,75,3750,142,59,20945.0,no,50,0,2024-07-03,-20945.0
666,Customer_666,customer666@mail.com,storing,Sorghum,2023-02-01,2023-05-22,162,4050,110,25,14850.0,partial,33,0,2023-05-22,-14850.0
274,Customer_274,customer274@mail.com,sold,Sorghum,2024-04-08,2024-08-23,98,4900,137,29,12978.47,no,27,132300,2024-08-23,119321.53
446,Customer_446,customer446@mail.com,storing,Rice,2023-07-05,2023-09-07,154,3850,64,59,19383.47,no,54,207900,2023-09-07,188516.53
1483,Customer_1483,customer1483@mail.com,sold,Rice,2023-02-20,2023-05-30,152,3800,99,29,14546.4,yes,38,144400,2023-05-30,129853.6
1883,Customer_1883,customer1883@mail.com,storing,Barley,2023-06-27,2023-09-11,54,1350,76,40,5472.0,yes,25,0,2023-09-11,-5472.0
1469,Customer_1469,customer1469@mail.com,storing,Wheat,2024-08-08,2024-10-05,165,4125,58,35,11165.0,partial,52,0,2024-10-05,-11165.0
1560,Customer_1560,customer1560@mail.com,sold,Rice,2023-12-21,2024-02-16,196,9800,57,54,20109.6,yes,40,392000,2024-02-16,371890.4
1052,Customer_1052,customer1052@mail.com,storing,Rice,2023-09-05,2023-10-07,35,1750,32,55,2053.33,partial,55,96250,2023-10-07,94196.67
1043,Customer_1043,customer1043@mail.com,stored,Maize,2023-09-07,2023-09-18,100,2500,11,49,1796.67,yes,34,0,2023-09-18,-1796.67
667,Customer_667,customer667@mail.com,stored,Sorghum,2024-05-26,2024-08-01,158,3950,67,52,18349.07,partial,49,193550,2024-08-01,175200.93
1260,Customer_1260,customer1260@mail.com,storing,Barley,2024-07-13,2024-08-28,81,4050,46,44,5464.8,yes,33,0,2024-08-28,-5464.8
1385,Customer_1385,customer1385@mail.com,sold,Sorghum,2024-04-01,2024-06-19,16,400,79,42,1769.6,yes,43,17200,2024-06-19,15430.4
1854,Customer_1854,customer1854@mail.com,sold,Maize,2024-01-23,2024-02-15,57,1425,23,34,1485.8,no,43,61275,2024-02-15,59789.2
1793,Customer_1793,customer1793@mail.com,stored,Maize,2024-03-07,2024-08-11,12,600,157,58,3642.4,yes,26,0,2024-08-11,-3642.4
1783,Customer_1783,customer1783@mail.com,sold,Barley,2024-05-09,2024-07-28,186,4650,80,51,25296.0,yes,51,0,2024-07-28,-25296.0
1951,Customer_1951,customer1951@mail.com,stored,Wheat,2023-01-12,2023-03-25,83,4150,72,57,11354.4,no,47,0,2023-03-25,-11354.4
1379,Customer_1379,customer1379@mail.com,sold,Maize,2024-01-31,2024-06-09,115,2875,130,46,22923.33,yes,45,0,2024-06-09,-22923.33
697,Customer_697,customer697@mail.com,stored,Rice,2023-06-06,2023-11-12,135,3375,159,49,35059.5,no,32,0,2023-11-12,-35059.5
15,Customer_15,customer15@mail.com,sold,Sorghum,2023-02-05,2023-03-31,39,975,54,56,3931.2,no,49,47775,2023-03-31,43843.8
463,Customer_463,customer463@mail.com,sold,Sorghum,2024-03-30,2024-08-24,149,3725,147,26,18982.6,no,54,201150,2024-08-24,182167.4
336,Customer_336,customer336@mail.com,storing,Maize,2024-07-30,2025-01-07,48,2400,161,44,11334.4,no,38,91200,2025-01-07,79865.6
970,Customer_970,customer970@mail.com,stored,Maize,2023-03-26,2023-04-30,13,325,35,47,712.83,yes,45,0,2023-04-30,-712.83
1240,Customer_1240,customer1240@mail.com,sold,Sorghum,2024-07-11,2024-09-22,167,8350,73,26,10565.53,partial,39,325650,2024-09-22,315084.47
1775,Customer_1775,customer1775@mail.com,sold,Maize,2023-11-28,2024-04-15,178,4450,139,47,38762.47,yes,48,213600,2024-04-15,174837.53
1538,Customer_1538,customer1538@mail.com,sold,Wheat,2024-05-06,2024-07-11,17,850,66,21,785.4,no,30,0,2024-07-11,-785.4
1377,Customer_1377,customer1377@mail.com,stored,Maize,2024-08-22,2024-12-01,12,300,101,42,1696.8,no,49,0,2024-12-01,-1696.8
652,Customer_652,customer652@mail.com,stored,Millet,2023-12-26,2024-02-11,113,5650,47,48,8497.6,partial,54,0,2024-02-11,-8497.6
708,Customer_708,customer708@mail.com,sold,Wheat,2024-01-05,2024-07-01,70,3500,178,56,23258.67,yes,26,0,2024-07-01,-23258.67
1926,Customer_1926,customer1926@mail.com,stored,Maize,2024-05-06,2024-10-19,105,5250,166,26,15106.0,yes,38,199500,2024-10-19,184394.0
824,Customer_824,customer824@mail.com,sold,Rice,2023-06-19,2023-09-30,154,7700,103,33,17448.2,yes,35,0,2023-09-30,-17448.2
882,Customer_882,customer882@mail.com,storing,Millet,2024-01-25,2024-06-22,95,2375,149,30,14155.0,no,44,104500,2024-06-22,90345.0
1545,Customer_1545,customer1545@mail.com,sold,Maize,2024-03-17,2024-05-14,178,4450,58,37,12732.93,partial,44,195800,2024-05-14,183067.07
1453,Customer_1453,customer1453@mail.com,storing,Millet,2024-06-01,2024-08-03,81,4050,63,57,9695.7,partial,52,210600,2024-08-03,200904.3
115,Customer_115,customer115@mail.com,stored,Millet,2023-07-31,2023-09-02,154,3850,33,31,5251.4,yes,36,138600,2023-09-02,133348.6
1834,Customer_1834,customer1834@mail.com,sold,Rice,2023-09-18,2024-01-15,65,3250,119,34,8766.33,no,53,0,2024-01-15,-8766.33
37,Customer_37,customer37@mail.com,storing,Maize,2024-07-16,2024-08-12,184,4600,27,33,5464.8,no,37,170200,2024-08-12,164735.2
374,Customer_374,customer374@mail.com,sold,Rice,2024-03-23,2024-06-05,178,4450,74,60,26344.0,yes,42,0,2024-06-05,-26344.0
830,Customer_830,customer830@mail.com,sold,Millet,2023-11-30,2024-01-02,34,850,33,29,1084.6,partial,39,0,2024-01-02,-1084.6
46,Customer_46,customer46@mail.com,stored,Wheat,2023-11-15,2024-01-20,153,3825,66,26,8751.6,yes,39,0,2024-01-20,-8751.6
296,Customer_296,customer296@mail.com,stored,Barley,2023-07-17,2023-12-12,157,3925,148,52,40275.73,yes,52,204100,2023-12-12,163824.27
655,Customer_655,customer655@mail.com,sold,Rice,2023-08-07,2023-09-08,39,975,32,26,1081.6,no,41,39975,2023-09-08,38893.4
824,Customer_824,customer824@mail.com,stored,Rice,2023-03-26,2023-05-16,158,3950,51,28,7520.8,yes,40,0,2023-05-16,-7520.8
1311,Customer_1311,customer1311@mail.com,sold,Wheat,2023-06-24,2023-07-27,74,1850,33,28,2279.2,no,50,92500,2023-07-27,90220.8
18,Customer_18,customer18@mail.com,storing,Barley,2023-10-23,2024-03-20,156,7800,149,33,25568.4,no,44,343200,2024-03-20,317631.6
1333,Customer_1333,customer1333@mail.com,storing,Maize,2023-07-12,2023-10-09,163,8150,89,57,27563.3,no,43,0,2023-10-09,-27563.3
380,Customer_380,customer380@mail.com,stored,Wheat,2024-03-08,2024-04-18,189,4725,41,30,7749.0,yes,41,0,2024-04-18,-7749.0
1688,Customer_1688,customer1688@mail.com,stored,Wheat,2023-06-30,2023-09-21,128,3200,83,40,14165.33,no,44,140800,2023-09-21,126634.67
793,Customer_793,customer793@mail.com,stored,Maize,2024-02-03,2024-02-23,159,7950,20,25,2650.0,partial,44,0,2024-02-23,-2650.0
1226,Customer_1226,customer1226@mail.com,storing,Sorghum,2024-08-10,2025-01-26,125,3125,169,33,23237.5,yes,42,0,2025-01-26,-23237.5
289,Customer_289,customer289@mail.com,storing,Wheat,2024-06-20,2024-10-13,55,2750,115,55,11595.83,no,37,0,2024-10-13,-11595.83
848,Customer_848,customer848@mail.com,stored,Rice,2024-04-18,2024-05-24,92,4600,36,52,5740.8,no,52,239200,2024-05-24,233459.2
1042,Customer_1042,customer1042@mail.com,stored,Barley,2023-01-04,2023-04-30,37,1850,116,35,5007.33,partial,25,46250,2023-04-30,41242.67
1656,Customer_1656,customer1656@mail.com,storing,Maize,2024-02-22,2024-05-13,65,3250,81,38,6669.0,partial,45,146250,2024-05-13,139581.0
902,Customer_902,customer902@mail.com,storing,Maize,2024-04-01,2024-09-07,108,2700,159,49,28047.6,partial,53,0,2024-09-07,-28047.6
1659,Customer_1659,customer1659@mail.com,sold,Sorghum,2023-04-07,2023-10-04,18,450,180,23,2484.0,partial,39,17550,2023-10-04,15066.0
766,Customer_766,customer766@mail.com,sold,Rice,2023-02-11,2023-03-03,43,1075,20,56,1605.33,no,25,0,2023-03-03,-1605.33
181,Customer_181,customer181@mail.com,storing,Sorghum,2023-08-03,2023-09-10,90,2250,38,29,3306.0,partial,52,0,2023-09-10,-3306.0
829,Customer_829,customer829@mail.com,storing,Sorghum,2023-05-05,2023-09-04,118,2950,122,32,15355.73,no,49,0,2023-09-04,-15355.73
30,Customer_30,customer30@mail.com,sold,Barley,2023-10-28,2023-11-16,35,1750,19,51,1130.5,yes,33,57750,2023-11-16,56619.5
45,Customer_45,customer45@mail.com,sold,Millet,2023-05-30,2023-11-13,157,3925,167,57,49816.1,partial,31,121675,2023-11-13,71858.9
1012,Customer_1012,customer1012@mail.com,sold,Rice,2023-07-14,2023-10-03,187,9350,81,31,15651.9,no,49,458150,2023-10-03,442498.1
1466,Customer_1466,customer1466@mail.com,stored,Wheat,2024-08-18,2024-11-22,26,1300,96,43,3577.6,partial,47,0,2024-11-22,-3577.6
773,Customer_773,customer773@mail.com,sold,Rice,2024-04-13,2024-05-18,55,2750,35,45,2887.5,no,39,0,2024-05-18,-2887.5
1418,Customer_1418,customer1418@mail.com,stored,Millet,2023-02-14,2023-06-22,68,3400,128,46,13346.13,no,47,159800,2023-06-22,146453.87
872,Customer_872,customer872@mail.com,sold,Rice,2023-02-14,2023-08-01,142,7100,168,43,34193.6,partial,48,0,2023-08-01,-34193.6
694,Customer_694,customer694@mail.com,sold,Sorghum,2023-05-19,2023-10-18,192,4800,152,24,23347.2,partial,51,0,2023-10-18,-23347.2
534,Customer_534,customer534@mail.com,sold,Wheat,2024-08-18,2024-10-14,131,6550,57,28,6969.2,partial,42,275100,2024-10-14,268130.8
491,Customer_491,customer491@mail.com,storing,Maize,2023-08-14,2023-10-06,178,8900,53,46,14465.47,no,30,0,2023-10-06,-14465.47
563,Customer_563,customer563@mail.com,storing,Maize,2024-05-19,2024-07-14,133,3325,56,52,12909.87,no,53,176225,2024-07-14,163315.13
825,Customer_825,customer825@mail.com,stored,Barley,2023-11-10,2023-12-23,101,5050,43,58,8396.47,yes,48,0,2023-12-23,-8396.47
1153,Customer_1153,customer1153@mail.com,sold,Millet,2023-06-28,2023-09-01,183,4575,65,24,9516.0,partial,28,128100,2023-09-01,118584.0
1430,Customer_1430,customer1430@mail.com,stored,Barley,2024-06-25,2024-08-07,72,1800,43,21,2167.2,no,51,91800,2024-08-07,89632.8
721,Customer_721,customer721@mail.com,stored,Wheat,2023-04-07,2023-05-25,16,400,48,28,716.8,partial,49,0,2023-05-25,-716.8
218,Customer_218,customer218@mail.com,storing,Sorghum,2024-02-07,2024-03-30,106,2650,52,38,6981.87,yes,46,121900,2024-03-30,114918.13
1279,Customer_1279,customer1279@mail.com,storing,Barley,2024-08-16,2024-09-06,67,1675,21,20,938.0,no,55,0,2024-09-06,-938.0
1115,Customer_1115,customer1115@mail.com,storing,Maize,2023-11-23,2024-04-09,72,3600,138,60,19872.0,no,37,0,2024-04-09,-19872.0
1150,Customer_1150,customer1150@mail.com,sold,Sorghum,2024-05-31,2024-07-14,62,3100,44,48,4364.8,yes,35,0,2024-07-14,-4364.8
1973,Customer_1973,customer1973@mail.com,storing,Rice,2024-06-19,2024-10-09,18,450,112,28,1881.6,no,33,0,2024-10-09,-1881.6
958,Customer_958,customer958@mail.com,storing,Rice,2023-04-29,2023-10-01,29,1450,155,33,4944.5,partial,34,0,2023-10-01,-4944.5
1638,Customer_1638,customer1638@mail.com,sold,Wheat,2024-05-08,2024-09-02,90,2250,117,53,18603.0,partial,26,58500,2024-09-02,39897.0
471,Customer_471,customer471@mail.com,sold,Sorghum,2023-02-04,2023-05-29,179,4475,114,54,36730.8,partial,29,129775,2023-05-29,93044.2
872,Customer_872,customer872@mail.com,stored,Wheat,2024-03-05,2024-08-29,192,4800,177,43,48710.4,no,30,144000,2024-08-29,95289.6
851,Customer_851,customer851@mail.com,storing,Maize,2024-05-16,2024-05-29,79,3950,13,50,1711.67,yes,30,118500,2024-05-29,116788.33
1854,Customer_1854,customer1854@mail.com,storing,Barley,2024-04-08,2024-04-30,70,1750,22,58,2977.33,partial,52,0,2024-04-30,-2977.33
709,Customer_709,customer709@mail.com,storing,Rice,2023-11-10,2023-11-28,81,4050,18,31,1506.6,no,32,0,2023-11-28,-1506.6
1670,Customer_1670,customer1670@mail.com,stored,Barley,2024-07-01,2024-12-28,176,8800,180,34,35904.0,partial,55,484000,2024-12-28,448096.0
1422,Customer_1422,customer1422@mail.com,storing,Rice,2023-03-05,2023-08-31,154,7700,179,23,21133.93,partial,49,377300,2023-08-31,356166.07
844,Customer_844,customer844@mail.com,storing,Maize,2023-08-22,2023-11-25,173,8650,95,27,14791.5,partial,36,311400,2023-11-25,296608.5
465,Customer_465,customer465@mail.com,storing,Wheat,2023-04-25,2023-10-05,94,2350,163,54,27579.6,yes,42,0,2023-10-05,-27579.6
445,Customer_445,customer445@mail.com,storing,Maize,2023-05-24,2023-06-03,152,7600,10,52,2634.67,no,45,0,2023-06-03,-2634.67
764,Customer_764,customer764@mail.com,stored,Barley,2023-11-11,2024-03-27,81,4050,137,41,15165.9,no,36,145800,2024-03-27,130634.1
771,Customer_771,customer771@mail.com,storing,Wheat,2023-02-06,2023-06-17,171,4275,131,46,34348.2,no,41,175275,2023-06-17,140926.8
1957,Customer_1957,customer1957@mail.com,storing,Millet,2024-05-22,2024-11-04,63,1575,166,53,18475.8,partial,29,45675,2024-11-04,27199.2
1227,Customer_1227,customer1227@mail.com,stored,Millet,2024-02-29,2024-07-31,134,3350,153,25,17085.0,yes,31,103850,2024-07-31,86765.0
1146,Customer_1146,customer1146@mail.com,storing,Sorghum,2024-06-10,2024-10-09,32,800,121,23,2968.53,yes,50,0,2024-10-09,-2968.53
1668,Customer_1668,customer1668@mail.com,sold,Barley,2024-07-16,2024-07-31,163,4075,15,31,2526.5,yes,48,0,2024-07-31,-2526.5
1181,Customer_1181,customer1181@mail.com,storing,Sorghum,2024-01-27,2024-07-16,157,7850,171,46,41165.4,yes,25,196250,2024-07-16,155084.6
791,Customer_791,customer791@mail.com,storing,Wheat,2024-01-16,2024-02-11,46,1150,26,23,916.93,partial,42,0,2024-02-11,-916.93
1487,Customer_1487,customer1487@mail.com,storing,Sorghum,2024-02-07,2024-02-25,13,650,18,58,452.4,yes,41,0,2024-02-25,-452.4
1682,Customer_1682,customer1682@mail.com,stored,Millet,2023-06-06,2023-09-20,184,9200,106,23,14953.07,yes,47,432400,2023-09-20,417446.93
566,Customer_566,customer566@mail.com,storing,Rice,2023-07-23,2023-12-19,119,2975,149,48,28369.6,partial,37,110075,2023-12-19,81705.4
1190,Customer_1190,customer1190@mail.com,sold,Sorghum,2023-05-21,2023-10-01,29,725,133,41,5271.23,partial,30,0,2023-10-01,-5271.23
523,Customer_523,customer523@mail.com,storing,Wheat,2023-12-04,2024-01-20,54,1350,47,50,4230.0,yes,46,62100,2024-01-20,57870.0
273,Customer_273,customer273@mail.com,sold,Sorghum,2023-07-07,2023-12-17,24,600,163,55,7172.0,yes,25,15000,2023-12-17,7828.0
623,Customer_623,customer623@mail.com,storing,Rice,2024-02-12,2024-03-23,41,1025,40,25,1366.67,yes,26,0,2024-03-23,-1366.67
33,Customer_33,customer33@mail.com,stored,Rice,2024-04-20,2024-07-04,55,1375,75,45,6187.5,partial,48,66000,2024-07-04,59812.5
624,Customer_624,customer624@mail.com,storing,Wheat,2024-05-08,2024-08-15,54,2700,99,20,3564.0,partial,35,94500,2024-08-15,90936.0
1788,Customer_1788,customer1788@mail.com,sold,Barley,2023-01-04,2023-02-19,135,6750,46,54,11178.0,partial,39,0,2023-02-19,-11178.0
1890,Customer_1890,customer1890@mail.com,sold,Barley,2023-04-24,2023-10-21,74,3700,180,34,15096.0,no,36,133200,2023-10-21,118104.0
925,Customer_925,customer925@mail.com,storing,Barley,2023-03-25,2023-07-12,183,9150,109,20,13298.0,no,46,420900,2023-07-12,407602.0
1124,Customer_1124,customer1124@mail.com,stored,Rice,2023-06-12,2023-07-03,156,7800,21,57,6224.4,no,29,0,2023-07-03,-6224.4
1343,Customer_1343,customer1343@mail.com,stored,Barley,2023-11-22,2024-04-02,55,1375,132,20,4840.0,no,37,50875,2024-04-02,46035.0
1139,Customer_1139,customer1139@mail.com,stored,Rice,2024-04-22,2024-05-25,54,1350,33,20,1188.0,partial,54,72900,2024-05-25,71712.0
1550,Customer_1550,customer1550@mail.com,sold,Millet,2024-02-25,2024-07-16,100,5000,142,24,11360.0,no,53,0,2024-07-16,-11360.0
255,Customer_255,customer255@mail.com,sold,Millet,2023-07-15,2023-10-05,161,4025,82,25,11001.67,no,25,100625,2023-10-05,89623.33
1044,Customer_1044,customer1044@mail.com,sold,Sorghum,2024-08-21,2025-01-31,157,3925,163,59,50328.97,no,50,0,2025-01-31,-50328.97
83,Customer_83,customer83@mail.com,sold,Wheat,2024-07-07,2024-10-09,198,4950,94,29,17991.6,yes,30,148500,2024-10-09,130508.4
98,Customer_98,customer98@mail.com,storing,Barley,2023-01-26,2023-06-28,117,2925,153,20,11934.0,no,53,155025,2023-06-28,143091.0
1991,Customer_1991,customer1991@mail.com,storing,Millet,2023-06-03,2023-10-24,12,300,143,51,2917.2,no,55,16500,2023-10-24,13582.8
1126,Customer_1126,customer1126@mail.com,stored,Wheat,2024-06-09,2024-11-25,28,1400,169,20,3154.67,no,52,0,2024-11-25,-3154.67
784,Customer_784,customer784@mail.com,stored,Barley,2023-11-23,2024-04-03,157,3925,132,41,28322.8,no,47,0,2024-04-03,-28322.8
42,Customer_42,customer42@mail.com,sold,Rice,2023-04-17,2023-09-19,118,5900,155,41,24996.33,partial,40,0,2023-09-19,-24996.33
1389,Customer_1389,customer1389@mail.com,sold,Wheat,2023-05-29,2023-11-22,76,3800,177,32,14348.8,partial,45,0,2023-11-22,-14348.8
98,Customer_98,customer98@mail.com,storing,Maize,2023-02-13,2023-07-10,120,3000,147,59,34692.0,partial,29,0,2023-07-10,-34692.0
987,Customer_987,customer987@mail.com,sold,Rice,2023-10-09,2024-02-11,51,1275,125,47,9987.5,partial,46,0,2024-02-11,-9987.5
36,Customer_36,customer36@mail.com,storing,Maize,2024-07-31,2025-01-10,72,3600,163,54,21124.8,yes,42,151200,2025-01-10,130075.2
1980,Customer_1980,customer1980@mail.com,sold,Sorghum,2024-08-06,2024-11-19,89,4450,105,28,8722.0,partial,28,124600,2024-11-19,115878.0
133,Customer_133,customer133@mail.com,sold,Barley,2023-10-15,2023-12-28,148,7400,74,48,17523.2,yes,54,399600,2023-12-28,382076.8
193,Customer_193,customer193@mail.com,sold,Barley,2023-11-05,2024-04-01,29,1450,148,24,3433.6,no,37,0,2024-04-01,-3433.6
861,Customer_861,customer861@mail.com,stored,Maize,2023-09-20,2023-12-28,61,3050,99,57,11474.1,no,53,161650,2023-12-28,150175.9
1955,Customer_1955,customer1955@mail.com,storing,Millet,2024-06-02,2024-08-22,138,3450,81,20,7452.0,partial,34,0,2024-08-22,-7452.0
1763,Customer_1763,customer1763@mail.com,sold,Millet,2024-07-24,2025-01-10,126,3150,170,57,40698.0,partial,34,0,2025-01-10,-40698.0
807,Customer_807,customer807@mail.com,storing,Barley,2023-11-17,2024-01-19,121,3025,63,33,8385.3,partial,53,0,2024-01-19,-8385.3
119,Customer_119,customer119@mail.com,sold,Maize,2023-04-30,2023-06-09,176,8800,40,54,12672.0,no,41,0,2023-06-09,-12672.0
481,Customer_481,customer481@mail.com,sold,Barley,2023-08-09,2023-10-24,148,3700,76,56,20996.27,yes,28,0,2023-10-24,-20996.27
95,Customer_95,customer95@mail.com,sold,Barley,2023-03-21,2023-06-03,120,3000,74,55,16280.0,no,29,0,2023-06-03,-16280.0
1733,Customer_1733,customer1733@mail.com,stored,Maize,2023-06-12,2023-12-03,149,7450,174,30,25926.0,yes,34,0,2023-12-03,-25926.0
948,Customer_948,customer948@mail.com,storing,Barley,2023-03-07,2023-03-29,77,1925,22,39,2202.2,yes,51,98175,2023-03-29,95972.8
482,Customer_482,customer482@mail.com,sold,Barley,2023-04-15,2023-09-05,152,3800,143,35,25358.67,no,55,209000,2023-09-05,183641.33
1979,Customer_1979,customer1979@mail.com,stored,Wheat,2023-02-25,2023-06-26,132,6600,121,34,18101.6,yes,31,0,2023-06-26,-18101.6
710,Customer_710,customer710@mail.com,storing,Millet,2024-06-05,2024-11-30,101,2525,178,58,34757.47,partial,30,0,2024-11-30,-34757.47
843,Customer_843,customer843@mail.com,storing,Maize,2023-09-03,2023-10-04,37,925,31,40,1529.33,partial,51,0,2023-10-04,-1529.33
1144,Customer_1144,customer1144@mail.com,sold,Maize,2023-06-27,2023-09-19,40,2000,84,42,4704.0,yes,35,70000,2023-09-19,65296.0
1211,Customer_1211,customer1211@mail.com,sold,Rice,2023-02-17,2023-06-04,17,425,107,31,1879.63,no,52,0,2023-06-04,-1879.63
1775,Customer_1775,customer1775@mail.com,stored,Millet,2023-01-14,2023-03-21,21,525,66,57,2633.4,no,30,0,2023-03-21,-2633.4
957,Customer_957,customer957@mail.com,stored,Rice,2023-03-25,2023-05-13,47,1175,49,34,2610.07,no,52,0,2023-05-13,-2610.07
538,Customer_538,customer538@mail.com,sold,Millet,2024-08-08,2025-01-16,14,700,161,28,2103.73,no,51,0,2025-01-16,-2103.73
1170,Customer_1170,customer1170@mail.com,storing,Maize,2024-01-17,2024-03-04,24,600,47,25,940.0,partial,27,0,2024-03-04,-940.0
1874,Customer_1874,customer1874@mail.com,stored,Maize,2024-05-01,2024-06-04,195,4875,34,54,11934.0,partial,48,234000,2024-06-04,222066.0
1907,Customer_1907,customer1907@mail.com,sold,Maize,2023-02-08,2023-04-26,30,750,77,46,3542.0,partial,33,0,2023-04-26,-3542.0
494,Customer_494,customer494@mail.com,sold,Sorghum,2024-04-18,2024-07-02,199,4975,75,45,22387.5,yes,40,0,2024-07-02,-22387.5
563,Customer_563,customer563@mail.com,stored,Sorghum,2023-03-04,2023-08-13,131,6550,162,20,14148.0,partial,26,170300,2023-08-13,156152.0
148,Customer_148,customer148@mail.com,storing,Barley,2023-12-16,2024-01-23,115,5750,38,49,7137.67,partial,29,0,2024-01-23,-7137.67
524,Customer_524,customer524@mail.com,sold,Maize,2024-01-12,2024-02-29,76,1900,48,46,5593.6,no,38,0,2024-02-29,-5593.6
1633,Customer_1633,customer1633@mail.com,stored,Millet,2024-01-23,2024-04-26,54,1350,94,45,7614.0,partial,47,63450,2024-04-26,55836.0
1216,Customer_1216,customer1216@mail.com,stored,Maize,2023-10-31,2024-02-01,154,3850,93,34,16231.6,yes,43,165550,2024-02-01,149318.4
623,Customer_623,customer623@mail.com,stored,Millet,2023-03-04,2023-07-29,75,3750,147,44,16170.0,partial,35,0,2023-07-29,-16170.0
226,Customer_226,customer226@mail.com,sold,Barley,2024-06-02,2024-06-14,182,9100,12,23,1674.4,no,36,327600,2024-06-14,325925.6
785,Customer_785,customer785@mail.com,sold,Maize,2024-06-10,2024-09-15,27,675,97,34,2968.2,partial,45,30375,2024-09-15,27406.8
1796,Customer_1796,customer1796@mail.com,stored,Maize,2023-03-04,2023-06-06,186,4650,94,43,25060.4,no,33,153450,2023-06-06,128389.6
838,Customer_838,customer838@mail.com,stored,Wheat,2023-02-21,2023-07-07,175,8750,136,53,42046.67,no,35,306250,2023-07-07,264203.33
1310,Customer_1310,customer1310@mail.com,stored,Barley,2024-04-29,2024-06-30,183,9150,62,25,9455.0,no,55,0,2024-06-30,-9455.0
439,Customer_439,customer439@mail.com,stored,Barley,2024-06-01,2024-07-18,156,7800,47,37,9042.8,no,49,0,2024-07-18,-9042.8
416,Customer_416,customer416@mail.com,sold,Sorghum,2023-02-19,2023-03-02,33,1650,11,22,266.2,no,47,0,2023-03-02,-266.2
1452,Customer_1452,customer1452@mail.com,sold,Sorghum,2024-06-29,2024-09-09,186,4650,72,39,17409.6,partial,32,148800,2024-09-09,131390.4
1052,Customer_1052,customer1052@mail.com,stored,Rice,2023-02-16,2023-02-28,35,875,12,37,518.0,no,32,28000,2023-02-28,27482.0
219,Customer_219,customer219@mail.com,stored,Sorghum,2023-08-28,2023-10-18,143,7150,51,57,13856.7,no,47,336050,2023-10-18,322193.3
289,Customer_289,customer289@mail.com,stored,Maize,2024-04-06,2024-08-10,16,400,126,47,3158.4,no,50,20000,2024-08-10,16841.6
1886,Customer_1886,customer1886@mail.com,storing,Wheat,2023-09-10,2024-02-27,20,500,170,25,2833.33,yes,48,0,2024-02-27,-2833.33
1186,Customer_1186,customer1186@mail.com,sold,Maize,2024-01-29,2024-05-06,11,550,98,32,1149.87,partial,44,0,2024-05-06,-1149.87
1027,Customer_1027,customer1027@mail.com,sold,Sorghum,2023-07-12,2023-10-09,185,9250,89,52,28539.33,no,43,0,2023-10-09,-28539.33
1851,Customer_1851,customer1851@mail.com,sold,Rice,2024-03-26,2024-06-24,30,750,90,36,3240.0,partial,36,0,2024-06-24,-3240.0
1548,Customer_1548,customer1548@mail.com,sold,Barley,2023-04-05,2023-05-03,89,2225,28,55,4568.67,partial,43,0,2023-05-03,-4568.67
1208,Customer_1208,customer1208@mail.com,storing,Sorghum,2024-08-05,2024-09-20,166,4150,46,36,9163.2,no,51,0,2024-09-20,-9163.2
1539,Customer_1539,customer1539@mail.com,storing,Rice,2023-12-12,2024-02-28,126,3150,78,42,13759.2,partial,28,0,2024-02-28,-13759.2
307,Customer_307,customer307@mail.com,storing,Wheat,2023-04-30,2023-08-01,112,2800,93,36,12499.2,no,28,0,2023-08-01,-12499.2
1895,Customer_1895,customer1895@mail.com,sold,Wheat,2024-01-27,2024-03-25,55,2750,58,42,4466.0,yes,51,140250,2024-03-25,135784.0
1383,Customer_1383,customer1383@mail.com,stored,Barley,2023-10-04,2023-11-17,198,4950,44,53,15391.2,yes,55,272250,2023-11-17,256858.8
1587,Customer_1587,customer1587@mail.com,stored,Barley,2024-03-22,2024-05-20,74,3700,59,35,5093.67,no,51,188700,2024-05-20,183606.33
1977,Customer_1977,customer1977@mail.com,storing,Rice,2023-05-10,2023-10-30,143,3575,173,33,27212.9,partial,55,0,2023-10-30,-27212.9
234,Customer_234,customer234@mail.com,sold,Maize,2023-08-15,2023-12-23,165,8250,130,46,32890.0,no,32,0,2023-12-23,-32890.0
755,Customer_755,customer755@mail.com,storing,Millet,2024-04-05,2024-08-09,147,3675,126,27,16669.8,partial,26,95550,2024-08-09,78880.2
669,Customer_669,customer669@mail.com,stored,Millet,2023-12-24,2024-02-11,17,850,49,31,860.77,yes,30,25500,2024-02-11,24639.23
399,Customer_399,customer399@mail.com,stored,Wheat,2023-09-29,2024-01-23,190,4750,116,56,41141.33,yes,51,242250,2024-01-23,201108.67
50,Customer_50,customer50@mail.com,sold,Sorghum,2023-07-04,2023-10-06,107,5350,94,46,15422.27,yes,43,230050,2023-10-06,214627.73
1475,Customer_1475,customer1475@mail.com,stored,Maize,2023-06-10,2023-08-26,187,4675,77,56,26878.13,yes,49,0,2023-08-26,-26878.13
1366,Customer_1366,customer1366@mail.com,sold,Sorghum,2024-02-24,2024-05-26,109,5450,92,60,20056.0,no,38,0,2024-05-26,-20056.0
1445,Customer_1445,customer1445@mail.com,stored,Millet,2023-09-24,2024-01-07,93,2325,105,32,10416.0,yes,50,0,2024-01-07,-10416.0
1504,Customer_1504,customer1504@mail.com,storing,Wheat,2023-12-08,2024-04-06,160,8000,120,24,15360.0,no,54,432000,2024-04-06,416640.0
1270,Customer_1270,customer1270@mail.com,storing,Barley,2024-08-20,2024-11-19,55,1375,91,52,8675.33,partial,25,0,2024-11-19,-8675.33
1428,Customer_1428,customer1428@mail.com,storing,Barley,2023-01-21,2023-05-21,49,2450,120,42,8232.0,yes,31,75950,2023-05-21,67718.0
984,Customer_984,customer984@mail.com,sold,Millet,2023-01-05,2023-04-30,61,3050,115,37,8651.83,no,51,0,2023-04-30,-8651.83
491,Customer_491,customer491@mail.com,sold,Millet,2024-08-06,2024-12-26,29,725,142,51,7000.6,yes,34,24650,2024-12-26,17649.4
871,Customer_871,customer871@mail.com,storing,Maize,2023-05-05,2023-10-03,21,525,151,58,6130.6,no,55,0,2023-10-03,-6130.6
627,Customer_627,customer627@mail.com,stored,Millet,2023-07-24,2023-11-20,46,1150,119,36,6568.8,partial,38,0,2023-11-20,-6568.8
1950,Customer_1950,customer1950@mail.com,storing,Maize,2023-01-16,2023-06-15,161,8050,150,55,44275.0,partial,38,0,2023-06-15,-44275.0
153,Customer_153,customer153@mail.com,storing,Wheat,2023-07-12,2023-08-11,20,500,30,60,1200.0,yes,46,23000,2023-08-11,21800.0
1733,Customer_1733,customer1733@mail.com,sold,Barley,2023-04-13,2023-06-02,51,1275,50,50,4250.0,partial,29,36975,2023-06-02,32725.0
650,Customer_650,customer650@mail.com,storing,Sorghum,2023-05-30,2023-09-06,70,1750,99,27,6237.0,no,28,0,2023-09-06,-6237.0
1749,Customer_1749,customer1749@mail.com,stored,Sorghum,2023-02-07,2023-06-22,98,2450,135,49,21609.0,partial,52,127400,2023-06-22,105791.0
1645,Customer_1645,customer1645@mail.com,sold,Barley,2023-10-25,2023-11-15,34,1700,21,52,1237.6,partial,43,73100,2023-11-15,71862.4
1196,Customer_1196,customer1196@mail.com,sold,Sorghum,2024-05-20,2024-09-05,147,3675,108,46,24343.2,partial,26,0,2024-09-05,-24343.2
1534,Customer_1534,customer1534@mail.com,sold,Rice,2024-04-20,2024-05-16,122,6100,26,47,4969.47,yes,37,0,2024-05-16,-4969.47
1046,Customer_1046,customer1046@mail.com,sold,Sorghum,2024-04-07,2024-04-20,118,2950,13,39,1994.2,partial,39,115050,2024-04-20,113055.8
1855,Customer_1855,customer1855@mail.com,stored,Millet,2023-11-26,2023-12-08,28,1400,12,33,369.6,no,51,71400,2023-12-08,71030.4
148,Customer_148,customer148@mail.com,storing,Barley,2023-03-22,2023-05-09,26,650,48,45,1872.0,no,54,0,2023-05-09,-1872.0
292,Customer_292,customer292@mail.com,storing,Sorghum,2023-06-13,2023-11-29,178,8900,169,36,36098.4,yes,41,364900,2023-11-29,328801.6
1570,Customer_1570,customer1570@mail.com,storing,Barley,2024-08-13,2025-02-03,91,4550,174,38,20056.4,yes,50,227500,2025-02-03,207443.6
981,Customer_981,customer981@mail.com,sold,Millet,2024-03-28,2024-09-15,66,1650,171,31,11662.2,partial,37,0,2024-09-15,-11662.2
1456,Customer_1456,customer1456@mail.com,sold,Wheat,2023-07-17,2023-11-29,164,4100,135,39,28782.0,yes,35,0,2023-11-29,-28782.0
1889,Customer_1889,customer1889@mail.com,stored,Maize,2024-03-16,2024-08-01,108,2700,138,53,26330.4,yes,42,0,2024-08-01,-26330.4
1253,Customer_1253,customer1253@mail.com,sold,Wheat,2023-10-30,2024-03-27,159,3975,149,50,39485.0,no,51,0,2024-03-27,-39485.0
261,Customer_261,customer261@mail.com,storing,Sorghum,2024-01-21,2024-06-14,18,450,145,53,4611.0,no,47,21150,2024-06-14,16539.0
566,Customer_566,customer566@mail.com,storing,Barley,2023-02-02,2023-02-28,99,2475,26,30,2574.0,no,40,99000,2023-02-28,96426.0
1879,Customer_1879,customer1879@mail.com,stored,Rice,2023-12-11,2024-02-13,53,2650,64,40,4522.67,no,40,0,2024-02-13,-4522.67
522,Customer_522,customer522@mail.com,sold,Barley,2024-07-16,2024-12-04,198,9900,141,38,35362.8,no,28,277200,2024-12-04,241837.2
630,Customer_630,customer630@mail.com,storing,Barley,2024-02-01,2024-05-13,179,8950,102,33,20083.8,partial,55,0,2024-05-13,-20083.8
1354,Customer_1354,customer1354@mail.com,storing,Rice,2024-06-02,2024-10-16,77,1925,136,45,15708.0,partial,55,105875,2024-10-16,90167.0
1468,Customer_1468,customer1468@mail.com,sold,Barley,2024-02-28,2024-03-10,54,1350,11,48,950.4,partial,26,35100,2024-03-10,34149.6
1382,Customer_1382,customer1382@mail.com,storing,Millet,2023-05-16,2023-06-22,27,1350,37,33,1098.9,yes,42,56700,2023-06-22,55601.1
633,Customer_633,customer633@mail.com,storing,Millet,2024-01-15,2024-04-04,168,4200,80,25,11200.0,partial,34,0,2024-04-04,-11200.0
642,Customer_642,customer642@mail.com,stored,Maize,2024-02-13,2024-05-27,32,1600,104,24,2662.4,partial,28,44800,2024-05-27,42137.6
463,Customer_463,customer463@mail.com,stored,Rice,2023-09-07,2023-09-17,55,2750,10,23,421.67,partial,30,82500,2023-09-17,82078.33
830,Customer_830,customer830@mail.com,sold,Barley,2023-12-14,2024-01-17,69,3450,34,21,1642.2,yes,38,131100,2024-01-17,129457.8
229,Customer_229,customer229@mail.com,storing,Millet,2024-01-30,2024-06-09,65,1625,131,58,16462.33,partial,30,0,2024-06-09,-16462.33
1318,Customer_1318,customer1318@mail.com,sold,Millet,2024-08-13,2024-11-21,22,550,100,37,2713.33,no,44,0,2024-11-21,-2713.33
1060,Customer_1060,customer1060@mail.com,storing,Rice,2023-08-06,2024-01-05,70,1750,152,25,8866.67,yes,45,0,2024-01-05,-8866.67
1666,Customer_1666,customer1666@mail.com,sold,Rice,2023-06-02,2023-10-20,55,2750,140,32,8213.33,yes,39,0,2023-10-20,-8213.33
1765,Customer_1765,customer1765@mail.com,stored,Wheat,2024-07-21,2024-11-08,115,5750,110,54,22770.0,partial,29,0,2024-11-08,-22770.0
1076,Customer_1076,customer1076@mail.com,storing,Rice,2023-07-03,2023-11-21,136,3400,141,22,14062.4,partial,45,153000,2023-11-21,138937.6
842,Customer_842,customer842@mail.com,sold,Maize,2024-03-02,2024-06-15,133,6650,105,38,17689.0,yes,45,299250,2024-06-15,281561.0
560,Customer_560,customer560@mail.com,stored,Rice,2024-08-16,2024-12-27,145,3625,133,51,32784.5,yes,51,184875,2024-12-27,152090.5
982,Customer_982,customer982@mail.com,stored,Wheat,2024-05-23,2024-10-17,47,1175,147,42,9672.6,no,52,0,2024-10-17,-9672.6
842,Customer_842,customer842@mail.com,stored,Sorghum,2024-04-15,2024-07-16,157,3925,92,37,17814.27,partial,48,0,2024-07-16,-17814.27
1123,Customer_1123,customer1123@mail.com,stored,Rice,2023-09-07,2023-10-07,88,4400,30,60,5280.0,no,51,224400,2023-10-07,219120.0
1758,Customer_1758,customer1758@mail.com,storing,Millet,2024-05-24,2024-10-22,20,500,151,44,4429.33,partial,33,0,2024-10-22,-4429.33
1835,Customer_1835,customer1835@mail.com,storing,Barley,2024-06-14,2024-08-02,125,6250,49,22,4491.67,yes,38,0,2024-08-02,-4491.67
717,Customer_717,customer717@mail.com,stored,Maize,2023-04-24,2023-09-16,186,9300,145,54,48546.0,no,41,381300,2023-09-16,332754.0
425,Customer_425,customer425@mail.com,stored,Barley,2023-12-05,2024-05-13,126,6300,160,21,14112.0,no,31,0,2024-05-13,-14112.0
36,Customer_36,customer36@mail.com,stored,Barley,2023-10-31,2024-02-20,22,550,112,21,1724.8,no,45,0,2024-02-20,-1724.8
1190,Customer_1190,customer1190@mail.com,sold,Millet,2024-06-24,2024-08-19,49,1225,56,53,4847.73,partial,31,37975,2024-08-19,33127.27
1449,Customer_1449,customer1449@mail.com,storing,Rice,2023-06-19,2023-08-26,185,9250,68,53,22224.67,no,32,296000,2023-08-26,273775.33
1262,Customer_1262,customer1262@mail.com,sold,Wheat,2023-08-15,2024-01-16,20,1000,154,53,5441.33,no,26,26000,2024-01-16,20558.67
1519,Customer_1519,customer1519@mail.com,stored,Barley,2023-06-27,2023-07-26,139,6950,29,59,7927.63,partial,52,361400,2023-07-26,353472.37
727,Customer_727,customer727@mail.com,stored,Barley,2024-08-11,2024-08-29,25,1250,18,51,765.0,partial,28,35000,2024-08-29,34235.0
1013,Customer_1013,customer1013@mail.com,sold,Maize,2023-05-03,2023-05-18,90,4500,15,25,1125.0,yes,44,0,2023-05-18,-1125.0
1205,Customer_1205,customer1205@mail.com,storing,Rice,2023-09-23,2023-11-20,16,400,58,47,1453.87,yes,52,20800,2023-11-20,19346.13
705,Customer_705,customer705@mail.com,sold,Maize,2023-03-10,2023-07-31,66,1650,143,52,16359.2,yes,37,61050,2023-07-31,44690.8
820,Customer_820,customer820@mail.com,storing,Wheat,2024-05-09,2024-05-22,118,2950,13,31,1585.13,no,51,0,2024-05-22,-1585.13
591,Customer_591,customer591@mail.com,storing,Maize,2023-01-24,2023-02-13,108,5400,20,44,3168.0,partial,49,264600,2023-02-13,261432.0
1587,Customer_1587,customer1587@mail.com,storing,Barley,2023-07-29,2023-08-20,81,4050,22,55,3267.0,partial,29,117450,2023-08-20,114183.0
516,Customer_516,customer516@mail.com,stored,Wheat,2023-09-21,2023-11-18,116,5800,58,44,9867.73,partial,35,0,2023-11-18,-9867.73
507,Customer_507,customer507@mail.com,sold,Sorghum,2023-04-02,2023-06-01,125,6250,60,59,14750.0,no,50,312500,2023-06-01,297750.0
955,Customer_955,customer955@mail.com,sold,Maize,2023-03-16,2023-09-11,52,1300,179,40,12410.67,yes,29,0,2023-09-11,-12410.67
11,Customer_11,customer11@mail.com,storing,Rice,2023-07-02,2023-08-11,170,4250,40,27,6120.0,partial,25,106250,2023-08-11,100130.0
578,Customer_578,customer578@mail.com,stored,Barley,2024-08-06,2024-09-19,62,1550,44,42,3819.2,partial,55,0,2024-09-19,-3819.2
742,Customer_742,customer742@mail.com,sold,Wheat,2023-10-24,2023-11-12,131,6550,19,49,4065.37,no,49,0,2023-11-12,-4065.37
1939,Customer_1939,customer1939@mail.com,sold,Barley,2024-02-06,2024-07-20,112,5600,165,31,19096.0,yes,28,156800,2024-07-20,137704.0
915,Customer_915,customer915@mail.com,sold,Barley,2024-04-13,2024-04-23,65,3250,10,31,671.67,no,31,0,2024-04-23,-671.67
1921,Customer_1921,customer1921@mail.com,stored,Millet,2023-10-28,2024-02-01,164,8200,96,31,16268.8,no,53,0,2024-02-01,-16268.8
1048,Customer_1048,customer1048@mail.com,storing,Sorghum,2023-11-28,2024-04-01,122,3050,125,41,20841.67,no,48,146400,2024-04-01,125558.33
72,Customer_72,customer72@mail.com,sold,Millet,2024-05-20,2024-06-08,181,4525,19,58,6648.73,partial,55,0,2024-06-08,-6648.73
759,Customer_759,customer759@mail.com,sold,Rice,2024-02-27,2024-07-21,85,2125,145,35,14379.17,no,28,0,2024-07-21,-14379.17
1803,Customer_1803,customer1803@mail.com,storing,Maize,2023-07-03,2023-08-09,62,3100,37,35,2676.33,no,25,77500,2023-08-09,74823.67
1184,Customer_1184,customer1184@mail.com,storing,Rice,2024-03-15,2024-07-19,182,9100,126,25,19110.0,partial,41,373100,2024-07-19,353990.0
892,Customer_892,customer892@mail.com,stored,Millet,2023-11-20,2024-01-23,30,1500,64,50,3200.0,partial,31,46500,2024-01-23,43300.0
1864,Customer_1864,customer1864@mail.com,sold,Barley,2023-02-08,2023-07-02,11,275,144,33,1742.4,yes,39,0,2023-07-02,-1742.4
1762,Customer_1762,customer1762@mail.com,storing,Rice,2024-04-10,2024-07-04,158,3950,85,55,24621.67,yes,45,0,2024-07-04,-24621.67
410,Customer_410,customer410@mail.com,stored,Millet,2023-01-03,2023-02-17,55,2750,45,46,3795.0,no,26,0,2023-02-17,-3795.0
1768,Customer_1768,customer1768@mail.com,stored,Rice,2023-08-13,2023-12-18,115,2875,127,27,13144.5,partial,42,120750,2023-12-18,107605.5
1252,Customer_1252,customer1252@mail.com,sold,Maize,2024-04-12,2024-08-17,98,2450,127,40,16594.67,yes,36,88200,2024-08-17,71605.33
1976,Customer_1976,customer1976@mail.com,stored,Barley,2023-02-18,2023-06-30,56,1400,132,24,5913.6,yes,33,46200,2023-06-30,40286.4
208,Customer_208,customer208@mail.com,storing,Millet,2023-11-03,2024-03-18,55,1375,136,55,13713.33,no,40,55000,2024-03-18,41286.67
1617,Customer_1617,customer1617@mail.com,stored,Sorghum,2023-10-14,2024-02-07,173,8650,116,31,20736.93,yes,40,346000,2024-02-07,325263.07
1729,Customer_1729,customer1729@mail.com,storing,Barley,2024-06-11,2024-08-24,198,9900,74,27,13186.8,no,44,435600,2024-08-24,422413.2
429,Customer_429,customer429@mail.com,sold,Maize,2023-04-10,2023-05-05,130,3250,25,41,4441.67,partial,40,0,2023-05-05,-4441.67
26,Customer_26,customer26@mail.com,storing,Millet,2024-03-07,2024-05-31,64,3200,85,55,9973.33,partial,38,121600,2024-05-31,111626.67
592,Customer_592,customer592@mail.com,sold,Barley,2023-06-13,2023-09-03,194,4850,82,20,10605.33,no,45,218250,2023-09-03,207644.67
1295,Customer_1295,customer1295@mail.com,stored,Barley,2023-11-06,2024-04-21,174,4350,167,31,30026.6,partial,26,113100,2024-04-21,83073.4
904,Customer_904,customer904@mail.com,storing,Maize,2024-04-09,2024-05-14,96,2400,35,35,3920.0,partial,34,0,2024-05-14,-3920.0
1810,Customer_1810,customer1810@mail.com,storing,Millet,2023-09-22,2024-02-15,65,1625,146,60,18980.0,partial,40,65000,2024-02-15,46020.0
1422,Customer_1422,customer1422@mail.com,sold,Sorghum,2023-10-29,2023-12-29,157,3925,61,58,18515.53,partial,45,0,2023-12-29,-18515.53
1620,Customer_1620,customer1620@mail.com,stored,Maize,2023-07-14,2023-10-04,65,3250,82,40,7106.67,yes,44,143000,2023-10-04,135893.33
1862,Customer_1862,customer1862@mail.com,sold,Sorghum,2023-03-16,2023-08-29,145,3625,166,34,27279.33,no,36,0,2023-08-29,-27279.33
609,Customer_609,customer609@mail.com,storing,Barley,2023-12-24,2024-01-26,34,850,33,30,1122.0,no,32,27200,2024-01-26,26078.0
311,Customer_311,customer311@mail.com,stored,Rice,2024-05-14,2024-10-08,192,9600,147,46,43276.8,partial,53,508800,2024-10-08,465523.2
1496,Customer_1496,customer1496@mail.com,stored,Sorghum,2024-01-11,2024-04-19,147,7350,99,26,12612.6,no,53,0,2024-04-19,-12612.6
1423,Customer_1423,customer1423@mail.com,sold,Sorghum,2023-12-25,2024-02-14,100,2500,51,37,6290.0,no,54,0,2024-02-14,-6290.0
151,Customer_151,customer151@mail.com,storing,Rice,2024-04-18,2024-07-21,53,2650,94,51,8469.4,partial,49,0,2024-07-21,-8469.4
1886,Customer_1886,customer1886@mail.com,storing,Sorghum,2023-02-26,2023-08-06,45,1125,161,26,6279.0,no,50,56250,2023-08-06,49971.0
326,Customer_326,customer326@mail.com,storing,Sorghum,2023-01-07,2023-05-31,106,2650,144,34,17299.2,no,42,111300,2023-05-31,94000.8
278,Customer_278,customer278@mail.com,storing,Maize,2023-11-23,2024-04-19,64,1600,148,22,6946.13,no,51,0,2024-04-19,-6946.13
1979,Customer_1979,customer1979@mail.com,stored,Rice,2024-08-09,2024-09-09,133,3325,31,46,6321.93,yes,46,0,2024-09-09,-6321.93
1062,Customer_1062,customer1062@mail.com,stored,Rice,2024-08-01,2024-11-29,47,2350,120,22,4136.0,no,49,115150,2024-11-29,111014.0
498,Customer_498,customer498@mail.com,sold,Millet,2023-12-02,2024-05-10,175,4375,160,47,43866.67,no,33,0,2024-05-10,-43866.67
1584,Customer_1584,customer1584@mail.com,stored,Maize,2023-12-16,2024-02-07,159,3975,53,27,7584.3,yes,34,0,2024-02-07,-7584.3
602,Customer_602,customer602@mail.com,sold,Barley,2023-06-03,2023-10-06,10,250,125,40,1666.67,no,43,0,2023-10-06,-1666.67
533,Customer_533,customer533@mail.com,stored,Rice,2024-01-10,2024-06-10,82,2050,152,35,14541.33,yes,50,0,2024-06-10,-14541.33
1765,Customer_1765,customer1765@mail.com,stored,Sorghum,2024-02-15,2024-07-20,13,650,156,32,2163.2,yes,31,20150,2024-07-20,17986.8
1743,Customer_1743,customer1743@mail.com,storing,Sorghum,2023-09-01,2024-02-25,119,5950,177,43,30190.3,no,37,0,2024-02-25,-30190.3
1637,Customer_1637,customer1637@mail.com,sold,Sorghum,2023-03-18,2023-07-08,24,1200,112,59,5286.4,partial,51,61200,2023-07-08,55913.6
1623,Customer_1623,customer1623@mail.com,sold,Sorghum,2023-04-26,2023-09-10,56,2800,137,52,13298.13,partial,51,0,2023-09-10,-13298.13
46,Customer_46,customer46@mail.com,storing,Rice,2023-06-22,2023-08-18,35,875,57,47,3125.5,yes,27,0,2023-08-18,-3125.5
1315,Customer_1315,customer1315@mail.com,stored,Sorghum,2023-06-02,2023-07-30,16,800,58,40,1237.33,no,51,40800,2023-07-30,39562.67
1357,Customer_1357,customer1357@mail.com,stored,Barley,2024-02-07,2024-06-23,20,1000,137,47,4292.67,no,34,34000,2024-06-23,29707.33
325,Customer_325,customer325@mail.com,storing,Wheat,2023-05-09,2023-05-19,197,4925,10,42,2758.0,partial,49,0,2023-05-19,-2758.0
1511,Customer_1511,customer1511@mail.com,stored,Wheat,2023-01-23,2023-06-05,145,7250,133,25,16070.83,partial,49,355250,2023-06-05,339179.17
741,Customer_741,customer741@mail.com,storing,Rice,2024-03-20,2024-07-12,81,2025,114,59,18160.2,no,26,52650,2024-07-12,34489.8
1194,Customer_1194,customer1194@mail.com,sold,Sorghum,2024-03-19,2024-09-07,192,4800,172,28,30822.4,partial,31,0,2024-09-07,-30822.4
1391,Customer_1391,customer1391@mail.com,stored,Rice,2024-07-02,2024-11-15,39,1950,136,28,4950.4,yes,45,0,2024-11-15,-4950.4
203,Customer_203,customer203@mail.com,sold,Barley,2023-05-03,2023-07-29,198,4950,87,33,18948.6,yes,39,193050,2023-07-29,174101.4
1315,Customer_1315,customer1315@mail.com,sold,Maize,2023-07-24,2023-09-24,66,3300,62,21,2864.4,yes,29,95700,2023-09-24,92835.6
1175,Customer_1175,customer1175@mail.com,stored,Barley,2024-04-06,2024-09-16,126,6300,163,60,41076.0,no,36,226800,2024-09-16,185724.0
1809,Customer_1809,customer1809@mail.com,sold,Maize,2023-08-08,2023-11-24,34,850,108,29,3549.6,partial,39,33150,2023-11-24,29600.4
1302,Customer_1302,customer1302@mail.com,storing,Sorghum,2023-08-24,2023-10-08,103,5150,45,48,7416.0,yes,42,216300,2023-10-08,208884.0
1313,Customer_1313,customer1313@mail.com,storing,Wheat,2024-03-10,2024-04-07,141,7050,28,49,6448.4,yes,48,338400,2024-04-07,331951.6
628,Customer_628,customer628@mail.com,storing,Millet,2024-05-01,2024-08-25,18,450,116,59,4106.4,no,26,0,2024-08-25,-4106.4
140,Customer_140,customer140@mail.com,sold,Wheat,2024-03-25,2024-04-19,145,3625,25,33,3987.5,partial,50,181250,2024-04-19,177262.5
882,Customer_882,customer882@mail.com,sold,Maize,2023-08-26,2023-12-31,113,2825,127,47,22483.23,no,39,110175,2023-12-31,87691.77
1693,Customer_1693,customer1693@mail.com,stored,Millet,2024-06-07,2024-11-05,157,7850,151,47,37140.97,partial,27,0,2024-11-05,-37140.97
1186,Customer_1186,customer1186@mail.com,stored,Barley,2023-10-19,2023-11-22,39,975,34,40,1768.0,partial,25,24375,2023-11-22,22607.0
285,Customer_285,customer285@mail.com,storing,Millet,2024-02-06,2024-03-13,111,2775,36,50,6660.0,yes,39,0,2024-03-13,-6660.0
1808,Customer_1808,customer1808@mail.com,storing,Barley,2023-12-14,2024-02-19,184,4600,67,26,10684.27,no,43,0,2024-02-19,-10684.27
627,Customer_627,customer627@mail.com,storing,Wheat,2023-05-04,2023-08-06,82,2050,94,46,11818.93,yes,29,59450,2023-08-06,47631.07
838,Customer_838,customer838@mail.com,sold,Maize,2023-05-17,2023-10-20,157,3925,156,31,25308.4,no,48,0,2023-10-20,-25308.4
1702,Customer_1702,customer1702@mail.com,sold,Millet,2023-07-15,2023-12-02,98,2450,140,31,14177.33,yes,28,0,2023-12-02,-14177.33
1313,Customer_1313,customer1313@mail.com,sold,Barley,2024-02-29,2024-08-07,116,5800,160,39,24128.0,no,32,0,2024-08-07,-24128.0
1631,Customer_1631,customer1631@mail.com,stored,Wheat,2024-07-17,2024-11-17,168,4200,123,25,17220.0,partial,45,0,2024-11-17,-17220.0
1386,Customer_1386,customer1386@mail.com,sold,Maize,2023-07-16,2023-09-14,23,1150,60,39,1794.0,yes,37,42550,2023-09-14,40756.0
1800,Customer_1800,customer1800@mail.com,stored,Maize,2023-11-13,2023-12-21,127,3175,38,49,7882.47,partial,42,133350,2023-12-21,125467.53
1063,Customer_1063,customer1063@mail.com,storing,Millet,2023-05-25,2023-09-19,102,2550,117,55,21879.0,yes,45,114750,2023-09-19,92871.0
1767,Customer_1767,customer1767@mail.com,sold,Barley,2023-09-19,2023-10-22,187,4675,33,21,4319.7,partial,49,0,2023-10-22,-4319.7
673,Customer_673,customer673@mail.com,sold,Wheat,2024-05-31,2024-09-16,198,4950,108,46,32788.8,no,48,237600,2024-09-16,204811.2
1783,Customer_1783,customer1783@mail.com,stored,Maize,2023-09-06,2023-10-06,192,4800,30,49,9408.0,yes,55,264000,2023-10-06,254592.0
1434,Customer_1434,customer1434@mail.com,stored,Rice,2023-08-11,2023-09-11,63,1575,31,30,1953.0,yes,34,53550,2023-09-11,51597.0
151,Customer_151,customer151@mail.com,sold,Millet,2023-11-11,2024-02-13,119,5950,94,54,20134.8,yes,43,0,2024-02-13,-20134.8
506,Customer_506,customer506@mail.com,storing,Millet,2023-09-19,2023-11-16,28,700,58,21,1136.8,partial,26,18200,2023-11-16,17063.2
5,Customer_5,customer5@mail.com,storing,Wheat,2024-05-05,2024-08-03,69,3450,90,20,4140.0,partial,25,0,2024-08-03,-4140.0
983,Customer_983,customer983@mail.com,stored,Maize,2024-02-21,2024-04-17,106,5300,56,32,6331.73,no,35,185500,2024-04-17,179168.27
1729,Customer_1729,customer1729@mail.com,stored,Sorghum,2023-04-27,2023-08-12,129,6450,107,57,26225.7,no,41,264450,2023-08-12,238224.3
770,Customer_770,customer770@mail.com,sold,Millet,2024-06-03,2024-07-19,54,1350,46,46,3808.8,no,47,63450,2024-07-19,59641.2
1866,Customer_1866,customer1866@mail.com,sold,Maize,2023-12-31,2024-04-17,137,6850,108,39,19234.8,no,28,0,2024-04-17,-19234.8
1564,Customer_1564,customer1564@mail.com,storing,Rice,2023-06-09,2023-11-02,19,475,146,36,3328.8,yes,51,0,2023-11-02,-3328.8
1174,Customer_1174,customer1174@mail.com,storing,Millet,2023-11-09,2024-01-06,94,4700,58,60,10904.0,yes,31,0,2024-01-06,-10904.0
515,Customer_515,customer515@mail.com,sold,Sorghum,2023-02-26,2023-07-21,160,4000,145,37,28613.33,yes,51,0,2023-07-21,-28613.33
1684,Customer_1684,customer1684@mail.com,storing,Maize,2024-03-24,2024-06-09,103,2575,77,31,8195.37,yes,31,0,2024-06-09,-8195.37
1988,Customer_1988,customer1988@mail.com,storing,Sorghum,2024-06-21,2024-08-08,54,1350,48,33,2851.2,yes,42,56700,2024-08-08,53848.8
165,Customer_165,customer165@mail.com,stored,Millet,2024-04-13,2024-09-07,156,3900,147,54,41277.6,partial,29,0,2024-09-07,-41277.6
1755,Customer_1755,customer1755@mail.com,storing,Rice,2023-02-21,2023-05-14,48,2400,82,20,2624.0,yes,31,0,2023-05-14,-2624.0
1589,Customer_1589,customer1589@mail.com,stored,Barley,2023-09-27,2023-11-23,66,1650,57,50,6270.0,partial,55,0,2023-11-23,-6270.0
391,Customer_391,customer391@mail.com,sold,Barley,2023-06-22,2023-11-13,53,1325,144,41,10430.4,yes,35,46375,2023-11-13,35944.6
44,Customer_44,customer44@mail.com,storing,Maize,2023-02-11,2023-07-05,18,900,144,38,3283.2,yes,43,38700,2023-07-05,35416.8
976,Customer_976,customer976@mail.com,sold,Sorghum,2023-09-27,2024-01-16,119,5950,111,21,9246.3,partial,48,285600,2024-01-16,276353.7
969,Customer_969,customer969@mail.com,stored,Rice,2023-05-15,2023-05-28,67,3350,13,23,667.77,yes,36,0,2023-05-28,-667.77
1390,Customer_1390,customer1390@mail.com,sold,Millet,2023-03-05,2023-07-16,65,1625,133,21,6051.5,no,35,0,2023-07-16,-6051.5
747,Customer_747,customer747@mail.com,stored,Maize,2023-05-28,2023-09-30,183,4575,125,48,36600.0,partial,29,132675,2023-09-30,96075.0
1268,Customer_1268,customer1268@mail.com,stored,Wheat,2023-09-20,2023-12-01,175,4375,72,39,16380.0,no,43,0,2023-12-01,-16380.0
1550,Customer_1550,customer1550@mail.com,stored,Wheat,2023-04-22,2023-10-02,88,4400,163,24,11475.2,no,50,0,2023-10-02,-11475.2
735,Customer_735,customer735@mail.com,sold,Barley,2023-04-19,2023-07-24,28,1400,96,48,4300.8,yes,51,71400,2023-07-24,67099.2
1401,Customer_1401,customer1401@mail.com,sold,Barley,2023-08-29,2023-10-22,103,5150,54,28,5191.2,yes,35,180250,2023-10-22,175058.8
948,Customer_948,customer948@mail.com,stored,Wheat,2023-07-08,2023-08-18,197,4925,41,35,9423.17,partial,33,162525,2023-08-18,153101.83
296,Customer_296,customer296@mail.com,stored,Maize,2023-08-03,2023-08-21,101,2525,18,32,1939.2,no,42,0,2023-08-21,-1939.2
1802,Customer_1802,customer1802@mail.com,storing,Millet,2023-05-29,2023-10-05,180,4500,129,20,15480.0,partial,40,180000,2023-10-05,164520.0
1343,Customer_1343,customer1343@mail.com,storing,Rice,2023-07-24,2023-10-08,157,3925,76,26,10341.07,no,28,0,2023-10-08,-10341.07
282,Customer_282,customer282@mail.com,stored,Maize,2024-08-02,2024-12-17,166,8300,137,32,24258.13,yes,46,0,2024-12-17,-24258.13
418,Customer_418,customer418@mail.com,sold,Sorghum,2023-06-01,2023-07-24,41,1025,53,22,1593.53,no,43,44075,2023-07-24,42481.47
1331,Customer_1331,customer1331@mail.com,storing,Wheat,2023-12-13,2024-03-31,122,6100,109,59,26152.73,no,25,0,2024-03-31,-26152.73
126,Customer_126,customer126@mail.com,storing,Wheat,2024-05-23,2024-09-10,155,7750,110,26,14776.67,no,44,0,2024-09-10,-14776.67
1908,Customer_1908,customer1908@mail.com,sold,Rice,2023-09-12,2023-12-15,157,7850,94,36,17709.6,partial,26,0,2023-12-15,-17709.6
401,Customer_401,customer401@mail.com,storing,Sorghum,2023-08-17,2023-10-29,34,850,73,32,2647.47,no,38,32300,2023-10-29,29652.53
268,Customer_268,customer268@mail.com,storing,Maize,2024-01-09,2024-05-06,104,2600,118,32,13090.13,yes,49,127400,2024-05-06,114309.87
229,Customer_229,customer229@mail.com,sold,Barley,2024-02-26,2024-03-20,41,1025,23,45,1414.5,yes,43,0,2024-03-20,-1414.5
100,Customer_100,customer100@mail.com,storing,Sorghum,2023-04-20,2023-09-07,87,4350,140,33,13398.0,partial,51,221850,2023-09-07,208452.0
1204,Customer_1204,customer1204@mail.com,stored,Wheat,2024-02-04,2024-05-11,30,750,97,49,4753.0,yes,49,36750,2024-05-11,31997.0
1288,Customer_1288,customer1288@mail.com,storing,Wheat,2024-04-16,2024-06-19,94,2350,64,38,7620.27,no,36,0,2024-06-19,-7620.27
1018,Customer_1018,customer1018@mail.com,sold,Barley,2024-06-19,2024-09-30,105,5250,103,33,11896.5,no,42,0,2024-09-30,-11896.5
479,Customer_479,customer479@mail.com,stored,Wheat,2024-02-22,2024-04-04,68,1700,42,35,3332.0,partial,46,0,2024-04-04,-3332.0
892,Customer_892,customer892@mail.com,sold,Sorghum,2024-01-01,2024-02-22,163,8150,52,32,9041.07,yes,30,0,2024-02-22,-9041.07
1045,Customer_1045,customer1045@mail.com,storing,Sorghum,2023-05-31,2023-07-08,140,3500,38,60,10640.0,partial,26,91000,2023-07-08,80360.0
727,Customer_727,customer727@mail.com,sold,Wheat,2023-08-02,2024-01-06,124,3100,157,24,15574.4,yes,41,0,2024-01-06,-15574.4
806,Customer_806,customer806@mail.com,storing,Sorghum,2024-05-07,2024-08-08,155,7750,93,45,21622.5,partial,52,403000,2024-08-08,381377.5
1687,Customer_1687,customer1687@mail.com,storing,Rice,2023-01-27,2023-06-16,145,3625,140,20,13533.33,no,50,0,2023-06-16,-13533.33
730,Customer_730,customer730@mail.com,storing,Wheat,2024-03-16,2024-04-02,67,3350,17,21,797.3,partial,40,0,2024-04-02,-797.3
1650,Customer_1650,customer1650@mail.com,stored,Wheat,2023-08-13,2023-09-14,43,1075,32,40,1834.67,partial,25,0,2023-09-14,-1834.67
345,Customer_345,customer345@mail.com,sold,Barley,2024-05-27,2024-11-15,73,1825,172,30,12556.0,yes,47,0,2024-11-15,-12556.0
762,Customer_762,customer762@mail.com,storing,Wheat,2024-04-08,2024-08-19,155,7750,133,36,24738.0,yes,43,0,2024-08-19,-24738.0
575,Customer_575,customer575@mail.com,storing,Barley,2024-03-04,2024-05-18,73,3650,75,32,5840.0,no,36,0,2024-05-18,-5840.0
444,Customer_444,customer444@mail.com,stored,Barley,2024-06-15,2024-11-03,100,2500,141,27,12690.0,yes,27,67500,2024-11-03,54810.0
1021,Customer_1021,customer1021@mail.com,stored,Maize,2024-03-28,2024-09-09,19,950,165,37,3866.5,yes,46,43700,2024-09-09,39833.5
430,Customer_430,customer430@mail.com,storing,Rice,2023-01-29,2023-07-26,127,3175,178,44,33155.47,no,43,0,2023-07-26,-33155.47
1020,Customer_1020,customer1020@mail.com,stored,Wheat,2023-01-25,2023-05-16,57,2850,111,25,5272.5,partial,34,96900,2023-05-16,91627.5
873,Customer_873,customer873@mail.com,storing,Barley,2023-07-23,2023-11-04,127,6350,104,55,24214.67,yes,26,165100,2023-11-04,140885.33
882,Customer_882,customer882@mail.com,storing,Barley,2024-02-07,2024-03-10,107,2675,32,28,3195.73,partial,26,69550,2024-03-10,66354.27
244,Customer_244,customer244@mail.com,stored,Wheat,2023-03-11,2023-07-20,22,550,131,26,2497.73,no,43,23650,2023-07-20,21152.27
122,Customer_122,customer122@mail.com,stored,Millet,2024-06-15,2024-09-08,56,2800,85,24,3808.0,yes,45,0,2024-09-08,-3808.0
345,Customer_345,customer345@mail.com,storing,Barley,2023-03-12,2023-08-29,39,1950,170,43,9503.0,no,45,0,2023-08-29,-9503.0
402,Customer_402,customer402@mail.com,stored,Maize,2024-02-25,2024-05-31,30,750,96,49,4704.0,partial,30,0,2024-05-31,-4704.0
1741,Customer_1741,customer1741@mail.com,stored,Wheat,2023-05-02,2023-10-03,85,2125,154,38,16580.67,no,42,0,2023-10-03,-16580.67
512,Customer_512,customer512@mail.com,stored,Millet,2024-01-05,2024-05-24,108,5400,140,35,17640.0,no,50,270000,2024-05-24,252360.0
630,Customer_630,customer630@mail.com,storing,Wheat,2024-03-21,2024-06-20,46,1150,91,25,3488.33,no,33,0,2024-06-20,-3488.33
1874,Customer_1874,customer1874@mail.com,sold,Millet,2023-10-25,2024-01-14,131,3275,81,43,15209.1,no,27,0,2024-01-14,-15209.1
1657,Customer_1657,customer1657@mail.com,storing,Maize,2023-06-20,2023-10-18,163,4075,120,48,31296.0,partial,49,199675,2023-10-18,168379.0
782,Customer_782,customer782@mail.com,storing,Sorghum,2023-06-30,2023-11-20,137,6850,143,56,36569.87,partial,26,178100,2023-11-20,141530.13
561,Customer_561,customer561@mail.com,sold,Barley,2024-07-03,2024-11-24,153,7650,144,37,27172.8,yes,41,313650,2024-11-24,286477.2
1476,Customer_1476,customer1476@mail.com,storing,Rice,2024-01-18,2024-02-04,43,2150,17,47,1145.23,yes,46,0,2024-02-04,-1145.23
1044,Customer_1044,customer1044@mail.com,stored,Millet,2023-06-09,2023-09-17,11,275,100,42,1540.0,yes,34,9350,2023-09-17,7810.0
1279,Customer_1279,customer1279@mail.com,storing,Wheat,2023-03-28,2023-06-19,81,2025,83,49,10980.9,partial,28,0,2023-06-19,-10980.9
1092,Customer_1092,customer1092@mail.com,sold,Rice,2023-10-16,2023-12-17,37,925,62,22,1682.27,yes,44,40700,2023-12-17,39017.73
961,Customer_961,customer961@mail.com,storing,Sorghum,2023-08-30,2023-12-21,130,6500,113,36,17628.0,yes,50,0,2023-12-21,-17628.0
923,Customer_923,customer923@mail.com,storing,Wheat,2023-07-10,2023-08-29,59,1475,50,42,4130.0,yes,34,0,2023-08-29,-4130.0
573,Customer_573,customer573@mail.com,stored,Barley,2023-09-28,2024-01-22,160,8000,116,52,32170.67,partial,35,280000,2024-01-22,247829.33
189,Customer_189,customer189@mail.com,stored,Sorghum,2023-03-26,2023-06-14,73,1825,80,60,11680.0,no,50,91250,2023-06-14,79570.0
1014,Customer_1014,customer1014@mail.com,stored,Millet,2023-03-14,2023-06-29,40,2000,107,51,7276.0,yes,49,0,2023-06-29,-7276.0
684,Customer_684,customer684@mail.com,stored,Sorghum,2024-03-28,2024-08-19,62,3100,144,26,7737.6,yes,39,120900,2024-08-19,113162.4
683,Customer_683,customer683@mail.com,sold,Rice,2024-02-12,2024-04-17,102,2550,65,30,6630.0,no,32,81600,2024-04-17,74970.0
963,Customer_963,customer963@mail.com,stored,Millet,2024-01-17,2024-04-27,130,6500,101,30,13130.0,partial,52,338000,2024-04-27,324870.0
1302,Customer_1302,customer1302@mail.com,storing,Barley,2023-05-06,2023-08-14,175,8750,100,40,23333.33,yes,25,0,2023-08-14,-23333.33
16,Customer_16,customer16@mail.com,sold,Maize,2023-08-20,2023-12-13,21,1050,115,47,3783.5,partial,36,0,2023-12-13,-3783.5
568,Customer_568,customer568@mail.com,stored,Sorghum,2023-09-27,2023-12-14,90,4500,78,38,8892.0,yes,54,0,2023-12-14,-8892.0
1111,Customer_1111,customer1111@mail.com,sold,Millet,2024-03-21,2024-08-21,177,8850,153,57,51453.9,yes,27,238950,2024-08-21,187496.1
1155,Customer_1155,customer1155@mail.com,storing,Sorghum,2023-03-21,2023-07-30,103,5150,131,31,13942.77,yes,51,0,2023-07-30,-13942.77
894,Customer_894,customer894@mail.com,sold,Millet,2024-04-27,2024-05-13,13,325,16,39,270.4,no,35,0,2024-05-13,-270.4
1473,Customer_1473,customer1473@mail.com,stored,Wheat,2023-03-12,2023-03-23,103,5150,11,30,1133.0,partial,30,154500,2023-03-23,153367.0
1755,Customer_1755,customer1755@mail.com,storing,Barley,2023-09-26,2023-11-24,54,1350,59,50,5310.0,yes,44,59400,2023-11-24,54090.0
122,Customer_122,customer122@mail.com,sold,Barley,2024-04-06,2024-06-15,31,1550,70,40,2893.33,no,55,85250,2024-06-15,82356.67
253,Customer_253,customer253@mail.com,stored,Millet,2024-06-01,2024-07-18,35,875,47,35,1919.17,no,54,47250,2024-07-18,45330.83
1275,Customer_1275,customer1275@mail.com,storing,Rice,2023-10-08,2023-11-29,68,1700,52,42,4950.4,yes,48,81600,2023-11-29,76649.6
1743,Customer_1743,customer1743@mail.com,stored,Millet,2023-05-04,2023-10-21,103,5150,170,59,34436.33,no,45,231750,2023-10-21,197313.67
1655,Customer_1655,customer1655@mail.com,storing,Sorghum,2024-04-01,2024-05-05,177,8850,34,37,7422.2,yes,35,0,2024-05-05,-7422.2
745,Customer_745,customer745@mail.com,storing,Millet,2023-08-21,2023-09-30,116,2900,40,34,5258.67,no,36,104400,2023-09-30,99141.33
1262,Customer_1262,customer1262@mail.com,storing,Maize,2023-03-07,2023-08-24,21,1050,170,44,5236.0,no,27,0,2023-08-24,-5236.0
993,Customer_993,customer993@mail.com,stored,Wheat,2023-01-24,2023-04-06,64,3200,72,31,4761.6,partial,49,0,2023-04-06,-4761.6
1441,Customer_1441,customer1441@mail.com,sold,Rice,2023-08-07,2023-10-17,141,3525,71,34,11345.8,partial,33,116325,2023-10-17,104979.2
730,Customer_730,customer730@mail.com,stored,Barley,2023-09-21,2023-12-17,182,9100,87,60,31668.0,partial,54,491400,2023-12-17,459732.0
758,Customer_758,customer758@mail.com,storing,Barley,2024-02-26,2024-03-10,156,7800,13,43,2906.8,no,39,304200,2024-03-10,301293.2
1665,Customer_1665,customer1665@mail.com,sold,Barley,2024-02-12,2024-08-02,173,4325,172,56,55544.53,partial,53,0,2024-08-02,-55544.53
895,Customer_895,customer895@mail.com,storing,Barley,2023-08-03,2023-10-16,19,950,74,24,1124.8,no,49,46550,2023-10-16,45425.2
887,Customer_887,customer887@mail.com,stored,Sorghum,2023-08-18,2023-09-23,81,4050,36,50,4860.0,no,53,0,2023-09-23,-4860.0
1443,Customer_1443,customer1443@mail.com,sold,Rice,2024-03-27,2024-06-09,140,3500,74,25,8633.33,yes,36,126000,2024-06-09,117366.67
1557,Customer_1557,customer1557@mail.com,stored,Barley,2023-03-09,2023-07-22,79,1975,135,28,9954.0,yes,31,0,2023-07-22,-9954.0
1952,Customer_1952,customer1952@mail.com,sold,Sorghum,2024-01-30,2024-03-27,178,4450,57,49,16571.8,no,44,0,2024-03-27,-16571.8
1639,Customer_1639,customer1639@mail.com,stored,Millet,2023-08-18,2023-11-03,180,4500,77,21,9702.0,yes,39,0,2023-11-03,-9702.0
1663,Customer_1663,customer1663@mail.com,storing,Millet,2023-12-25,2024-02-13,131,3275,50,42,9170.0,partial,55,180125,2024-02-13,170955.0
1324,Customer_1324,customer1324@mail.com,sold,Sorghum,2024-01-29,2024-02-09,15,750,11,49,269.5,no,54,40500,2024-02-09,40230.5
1593,Customer_1593,customer1593@mail.com,stored,Sorghum,2023-12-11,2024-02-01,68,1700,52,50,5893.33,yes,27,45900,2024-02-01,40006.67
1192,Customer_1192,customer1192@mail.com,sold,Wheat,2023-04-25,2023-10-03,189,4725,161,53,53757.9,no,40,189000,2023-10-03,135242.1
358,Customer_358,customer358@mail.com,storing,Maize,2023-04-18,2023-05-03,157,7850,15,33,2590.5,partial,31,243350,2023-05-03,240759.5
146,Customer_146,customer146@mail.com,sold,Wheat,2023-06-21,2023-11-30,95,2375,162,40,20520.0,yes,31,0,2023-11-30,-20520.0
467,Customer_467,customer467@mail.com,stored,Barley,2024-07-23,2024-08-03,184,9200,11,57,3845.6,no,49,0,2024-08-03,-3845.6
145,Customer_145,customer145@mail.com,stored,Sorghum,2023-12-14,2024-05-25,125,6250,163,20,13583.33,yes,40,0,2024-05-25,-13583.33
362,Customer_362,customer362@mail.com,storing,Sorghum,2023-07-06,2023-10-01,51,1275,87,54,7986.6,partial,33,42075,2023-10-01,34088.4
528,Customer_528,customer528@mail.com,storing,Rice,2023-10-27,2024-01-01,21,525,66,40,1848.0,no,46,0,2024-01-01,-1848.0
1516,Customer_1516,customer1516@mail.com,sold,Barley,2024-05-28,2024-06-13,147,7350,16,47,3684.8,yes,48,352800,2024-06-13,349115.2
254,Customer_254,customer254@mail.com,stored,Wheat,2023-09-17,2023-10-25,23,575,38,34,990.53,yes,42,24150,2023-10-25,23159.47
1260,Customer_1260,customer1260@mail.com,stored,Millet,2023-01-20,2023-06-06,105,2625,137,26,12467.0,partial,55,144375,2023-06-06,131908.0
1354,Customer_1354,customer1354@mail.com,sold,Sorghum,2024-06-14,2024-10-31,150,7500,139,28,19460.0,yes,55,0,2024-10-31,-19460.0
1561,Customer_1561,customer1561@mail.com,storing,Barley,2024-08-08,2024-10-05,40,2000,58,30,2320.0,yes,49,0,2024-10-05,-2320.0
85,Customer_85,customer85@mail.com,storing,Sorghum,2023-02-28,2023-06-16,61,3050,108,48,10540.8,partial,25,76250,2023-06-16,65709.2
234,Customer_234,customer234@mail.com,sold,Sorghum,2024-02-04,2024-07-15,154,7700,162,38,31600.8,no,36,0,2024-07-15,-31600.8
957,Customer_957,customer957@mail.com,stored,Rice,2024-01-25,2024-03-21,51,1275,56,39,3712.8,partial,49,0,2024-03-21,-3712.8
1257,Customer_1257,customer1257@mail.com,sold,Barley,2023-03-31,2023-05-12,44,1100,42,50,3080.0,partial,40,44000,2023-05-12,40920.0
1141,Customer_1141,customer1141@mail.com,stored,Wheat,2023-05-24,2023-06-20,56,1400,27,25,1260.0,no,33,0,2023-06-20,-1260.0
1742,Customer_1742,customer1742@mail.com,stored,Rice,2024-01-02,2024-03-10,174,4350,68,43,16959.2,yes,28,0,2024-03-10,-16959.2
629,Customer_629,customer629@mail.com,sold,Rice,2024-02-06,2024-05-06,152,7600,90,56,25536.0,no,41,0,2024-05-06,-25536.0
1501,Customer_1501,customer1501@mail.com,sold,Maize,2024-07-17,2024-08-16,192,9600,30,33,6336.0,yes,27,0,2024-08-16,-6336.0
1459,Customer_1459,customer1459@mail.com,sold,Wheat,2024-04-07,2024-08-09,137,3425,124,40,22650.67,yes,53,181525,2024-08-09,158874.33
1566,Customer_1566,customer1566@mail.com,storing,Maize,2024-06-27,2024-09-23,188,9400,88,45,24816.0,partial,52,488800,2024-09-23,463984.0
1350,Customer_1350,customer1350@mail.com,sold,Wheat,2023-11-09,2024-04-05,194,4850,148,31,29669.07,no,45,0,2024-04-05,-29669.07
1203,Customer_1203,customer1203@mail.com,storing,Maize,2024-05-29,2024-06-29,57,1425,31,27,1590.3,no,25,0,2024-06-29,-1590.3
1289,Customer_1289,customer1289@mail.com,stored,Wheat,2023-11-05,2024-03-08,159,3975,124,41,26945.2,yes,44,0,2024-03-08,-26945.2
1440,Customer_1440,customer1440@mail.com,sold,Wheat,2023-05-16,2023-07-31,103,5150,76,54,14090.4,partial,55,0,2023-07-31,-14090.4
662,Customer_662,customer662@mail.com,stored,Sorghum,2024-01-23,2024-06-10,68,3400,139,50,15753.33,yes,49,166600,2024-06-10,150846.67
1946,Customer_1946,customer1946@mail.com,storing,Rice,2024-06-24,2024-07-21,135,6750,27,29,3523.5,no,38,0,2024-07-21,-3523.5
1577,Customer_1577,customer1577@mail.com,stored,Barley,2023-06-08,2023-07-13,115,2875,35,48,6440.0,partial,28,80500,2023-07-13,74060.0
228,Customer_228,customer228@mail.com,sold,Barley,2024-06-17,2024-06-30,14,700,13,43,260.87,yes,32,22400,2024-06-30,22139.13
535,Customer_535,customer535@mail.com,stored,Barley,2023-03-17,2023-08-12,106,5300,148,35,18302.67,no,30,159000,2023-08-12,140697.33
218,Customer_218,customer218@mail.com,sold,Millet,2023-12-23,2024-01-12,168,4200,20,37,4144.0,yes,32,134400,2024-01-12,130256.0
636,Customer_636,customer636@mail.com,storing,Rice,2023-11-28,2024-04-26,79,3950,150,44,17380.0,yes,48,189600,2024-04-26,172220.0
9,Customer_9,customer9@mail.com,sold,Barley,2023-01-25,2023-06-28,101,2525,154,26,13480.13,no,30,0,2023-06-28,-13480.13
62,Customer_62,customer62@mail.com,storing,Wheat,2023-07-09,2023-08-21,197,9850,43,54,15247.8,yes,33,0,2023-08-21,-15247.8
1936,Customer_1936,customer1936@mail.com,stored,Millet,2023-09-09,2023-10-07,141,7050,28,45,5922.0,no,27,190350,2023-10-07,184428.0
1972,Customer_1972,customer1972@mail.com,storing,Millet,2023-12-07,2024-04-28,107,5350,143,59,30091.97,no,47,251450,2024-04-28,221358.03
1212,Customer_1212,customer1212@mail.com,stored,Barley,2023-06-19,2023-10-17,10,500,120,20,800.0,yes,36,18000,2023-10-17,17200.0
1520,Customer_1520,customer1520@mail.com,sold,Barley,2024-07-03,2024-12-24,127,3175,174,28,20624.8,yes,35,111125,2024-12-24,90500.2
1369,Customer_1369,customer1369@mail.com,stored,Wheat,2024-06-01,2024-10-03,114,2850,124,24,11308.8,yes,39,111150,2024-10-03,99841.2
662,Customer_662,customer662@mail.com,stored,Barley,2023-07-01,2023-10-18,115,2875,109,30,12535.0,yes,41,117875,2023-10-18,105340.0
1772,Customer_1772,customer1772@mail.com,storing,Millet,2024-02-07,2024-05-14,79,1975,97,55,14048.83,yes,41,80975,2024-05-14,66926.17
1047,Customer_1047,customer1047@mail.com,sold,Millet,2024-04-18,2024-07-24,52,2600,97,23,3867.07,yes,47,0,2024-07-24,-3867.07
472,Customer_472,customer472@mail.com,stored,Maize,2023-07-27,2023-12-16,129,3225,142,33,20149.8,yes,42,0,2023-12-16,-20149.8
650,Customer_650,customer650@mail.com,sold,Barley,2023-02-16,2023-07-11,170,4250,145,29,23828.33,no,51,0,2023-07-11,-23828.33
750,Customer_750,customer750@mail.com,stored,Rice,2023-01-26,2023-02-05,131,6550,10,24,1048.0,no,30,196500,2023-02-05,195452.0
411,Customer_411,customer411@mail.com,sold,Maize,2023-02-22,2023-07-25,10,250,153,50,2550.0,no,52,0,2023-07-25,-2550.0
1334,Customer_1334,customer1334@mail.com,sold,Barley,2023-10-01,2024-02-02,153,3825,124,21,13280.4,no,46,0,2024-02-02,-13280.4
1116,Customer_1116,customer1116@mail.com,sold,Rice,2023-11-15,2024-02-03,52,1300,80,44,6101.33,no,36,0,2024-02-03,-6101.33
491,Customer_491,customer491@mail.com,stored,Barley,2023-05-28,2023-09-19,111,5550,114,45,18981.0,no,51,0,2023-09-19,-18981.0
80,Customer_80,customer80@mail.com,sold,Sorghum,2023-10-29,2024-01-29,156,3900,92,45,21528.0,no,45,175500,2024-01-29,153972.0
978,Customer_978,customer978@mail.com,storing,Sorghum,2023-05-12,2023-10-24,25,625,165,24,3300.0,partial,52,0,2023-10-24,-3300.0
23,Customer_23,customer23@mail.com,stored,Wheat,2023-08-13,2023-12-02,57,1425,111,34,7170.6,partial,25,0,2023-12-02,-7170.6
1678,Customer_1678,customer1678@mail.com,sold,Sorghum,2024-08-02,2025-01-13,124,6200,164,49,33215.47,no,35,0,2025-01-13,-33215.47
114,Customer_114,customer114@mail.com,storing,Rice,2023-03-02,2023-05-20,10,500,79,35,921.67,partial,33,0,2023-05-20,-921.67
754,Customer_754,customer754@mail.com,sold,Maize,2024-07-23,2025-01-07,176,8800,168,32,31539.2,no,49,0,2025-01-07,-31539.2
1275,Customer_1275,customer1275@mail.com,stored,Wheat,2024-04-15,2024-10-04,135,3375,172,28,21672.0,partial,26,87750,2024-10-04,66078.0
130,Customer_130,customer130@mail.com,sold,Barley,2023-01-09,2023-06-08,125,3125,150,27,16875.0,yes,46,0,2023-06-08,-16875.0
315,Customer_315,customer315@mail.com,sold,Wheat,2023-12-15,2024-04-06,73,1825,113,49,13473.37,no,27,49275,2024-04-06,35801.63
1148,Customer_1148,customer1148@mail.com,stored,Sorghum,2023-04-30,2023-10-11,111,5550,164,42,25485.6,no,29,160950,2023-10-11,135464.4
1687,Customer_1687,customer1687@mail.com,sold,Sorghum,2024-08-03,2024-10-20,19,950,78,40,1976.0,yes,34,32300,2024-10-20,30324.0
1827,Customer_1827,customer1827@mail.com,sold,Barley,2023-12-12,2024-01-25,31,1550,44,37,1682.27,yes,43,0,2024-01-25,-1682.27
921,Customer_921,customer921@mail.com,stored,Millet,2024-02-01,2024-07-04,94,4700,154,59,28469.47,no,33,155100,2024-07-04,126630.53
1228,Customer_1228,customer1228@mail.com,sold,Barley,2023-02-07,2023-04-15,156,7800,67,45,15678.0,yes,50,0,2023-04-15,-15678.0
752,Customer_752,customer752@mail.com,storing,Rice,2023-10-09,2024-03-11,151,3775,154,59,45732.87,partial,37,139675,2024-03-11,93942.13
583,Customer_583,customer583@mail.com,stored,Wheat,2023-05-05,2023-07-06,148,3700,62,30,9176.0,partial,46,0,2023-07-06,-9176.0
336,Customer_336,customer336@mail.com,stored,Maize,2023-07-22,2023-11-25,25,1250,126,38,3990.0,no,28,35000,2023-11-25,31010.0
852,Customer_852,customer852@mail.com,storing,Wheat,2024-05-05,2024-08-26,53,1325,113,50,9981.67,yes,55,0,2024-08-26,-9981.67
802,Customer_802,customer802@mail.com,storing,Maize,2024-04-08,2024-08-17,143,7150,131,24,14986.4,yes,31,0,2024-08-17,-14986.4
1426,Customer_1426,customer1426@mail.com,storing,Sorghum,2023-09-04,2023-12-18,20,1000,105,29,2030.0,partial,49,49000,2023-12-18,46970.0
598,Customer_598,customer598@mail.com,storing,Millet,2023-08-20,2023-11-30,171,4275,102,45,26163.0,partial,44,0,2023-11-30,-26163.0
569,Customer_569,customer569@mail.com,stored,Sorghum,2024-03-21,2024-09-08,192,4800,171,44,48153.6,no,55,0,2024-09-08,-48153.6
1514,Customer_1514,customer1514@mail.com,storing,Wheat,2023-12-17,2024-06-12,152,3800,178,48,43289.6,partial,34,0,2024-06-12,-43289.6
582,Customer_582,customer582@mail.com,storing,Rice,2023-07-11,2023-10-01,17,850,82,44,2044.53,partial,52,0,2023-10-01,-2044.53
987,Customer_987,customer987@mail.com,storing,Rice,2024-01-02,2024-01-17,78,1950,15,34,1326.0,no,47,0,2024-01-17,-1326.0
644,Customer_644,customer644@mail.com,stored,Sorghum,2024-07-12,2024-10-16,111,5550,96,32,11366.4,partial,46,0,2024-10-16,-11366.4
1571,Customer_1571,customer1571@mail.com,storing,Sorghum,2023-05-09,2023-08-16,102,5100,99,47,15820.2,yes,55,0,2023-08-16,-15820.2
69,Customer_69,customer69@mail.com,storing,Wheat,2024-01-22,2024-03-21,146,7300,59,38,10911.07,partial,29,0,2024-03-21,-10911.07
1125,Customer_1125,customer1125@mail.com,stored,Millet,2024-01-05,2024-04-25,26,650,111,33,3174.6,yes,42,27300,2024-04-25,24125.4
257,Customer_257,customer257@mail.com,sold,Maize,2023-08-02,2023-08-20,170,8500,18,25,2550.0,yes,40,0,2023-08-20,-2550.0
1054,Customer_1054,customer1054@mail.com,storing,Maize,2024-01-20,2024-06-26,63,3150,158,21,6967.8,no,31,97650,2024-06-26,90682.2
1635,Customer_1635,customer1635@mail.com,sold,Wheat,2024-05-10,2024-10-15,74,3700,158,35,13640.67,yes,45,166500,2024-10-15,152859.33
1837,Customer_1837,customer1837@mail.com,stored,Rice,2023-03-31,2023-04-14,77,1925,14,38,1365.47,no,52,0,2023-04-14,-1365.47
1575,Customer_1575,customer1575@mail.com,storing,Maize,2023-08-16,2023-09-13,171,4275,28,27,4309.2,partial,46,0,2023-09-13,-4309.2
667,Customer_667,customer667@mail.com,storing,Rice,2023-12-18,2024-06-15,83,2075,180,24,11952.0,yes,46,0,2024-06-15,-11952.0
822,Customer_822,customer822@mail.com,stored,Sorghum,2024-07-03,2024-12-14,112,2800,164,23,14082.13,yes,45,126000,2024-12-14,111917.87
703,Customer_703,customer703@mail.com,stored,Maize,2024-07-16,2024-12-01,148,7400,138,58,39486.4,yes,25,0,2024-12-01,-39486.4
1206,Customer_1206,customer1206@mail.com,storing,Rice,2024-05-14,2024-10-07,59,1475,146,34,9762.53,partial,28,0,2024-10-07,-9762.53
1853,Customer_1853,customer1853@mail.com,sold,Sorghum,2023-06-26,2023-07-29,41,1025,33,33,1488.3,no,43,0,2023-07-29,-1488.3
1614,Customer_1614,customer1614@mail.com,sold,Millet,2023-02-15,2023-07-08,56,2800,143,32,8541.87,no,54,151200,2023-07-08,142658.13
479,Customer_479,customer479@mail.com,sold,Wheat,2023-05-27,2023-07-18,18,450,52,33,1029.6,no,52,23400,2023-07-18,22370.4
855,Customer_855,customer855@mail.com,sold,Sorghum,2023-02-27,2023-03-27,44,2200,28,48,1971.2,partial,44,0,2023-03-27,-1971.2
249,Customer_249,customer249@mail.com,storing,Rice,2024-05-12,2024-09-03,50,1250,114,55,10450.0,partial,39,0,2024-09-03,-10450.0
291,Customer_291,customer291@mail.com,stored,Maize,2023-02-28,2023-07-28,148,3700,150,37,27380.0,partial,26,96200,2023-07-28,68820.0
1369,Customer_1369,customer1369@mail.com,storing,Millet,2024-06-10,2024-11-17,17,850,160,56,5077.33,yes,37,0,2024-11-17,-5077.33
753,Customer_753,customer753@mail.com,storing,Maize,2023-12-05,2024-04-05,14,700,122,29,1651.07,yes,51,0,2024-04-05,-1651.07
989,Customer_989,customer989@mail.com,stored,Rice,2024-05-09,2024-07-21,166,4150,73,55,22216.33,no,39,161850,2024-07-21,139633.67
1170,Customer_1170,customer1170@mail.com,storing,Millet,2023-06-29,2023-08-09,187,4675,41,59,15078.43,yes,52,243100,2023-08-09,228021.57
1177,Customer_1177,customer1177@mail.com,storing,Barley,2024-01-13,2024-03-17,76,1900,64,51,8268.8,partial,50,0,2024-03-17,-8268.8
118,Customer_118,customer118@mail.com,storing,Sorghum,2023-10-12,2023-12-15,49,2450,64,56,5853.87,yes,48,0,2023-12-15,-5853.87
1117,Customer_1117,customer1117@mail.com,stored,Barley,2024-02-10,2024-07-19,170,8500,160,38,34453.33,partial,36,0,2024-07-19,-34453.33
698,Customer_698,customer698@mail.com,sold,Wheat,2023-12-06,2024-04-14,130,6500,130,50,28166.67,partial,26,169000,2024-04-14,140833.33
145,Customer_145,customer145@mail.com,stored,Millet,2023-07-27,2023-08-18,153,3825,22,25,2805.0,partial,50,191250,2023-08-18,188445.0
269,Customer_269,customer269@mail.com,storing,Barley,2023-07-24,2023-12-01,117,2925,130,32,16224.0,partial,28,0,2023-12-01,-16224.0
601,Customer_601,customer601@mail.com,storing,Maize,2024-02-01,2024-05-05,105,5250,94,49,16121.0,no,39,0,2024-05-05,-16121.0
1107,Customer_1107,customer1107@mail.com,stored,Barley,2023-11-23,2023-12-05,45,2250,12,31,558.0,yes,31,69750,2023-12-05,69192.0
1413,Customer_1413,customer1413@mail.com,sold,Rice,2024-08-01,2024-11-03,125,6250,94,57,22325.0,partial,38,0,2024-11-03,-22325.0
1266,Customer_1266,customer1266@mail.com,stored,Millet,2024-01-23,2024-03-30,175,8750,67,42,16415.0,no,33,288750,2024-03-30,272335.0
1437,Customer_1437,customer1437@mail.com,stored,Wheat,2023-06-03,2023-09-07,99,4950,96,40,12672.0,partial,34,0,2023-09-07,-12672.0
1646,Customer_1646,customer1646@mail.com,stored,Maize,2024-02-25,2024-05-13,152,7600,78,26,10275.2,no,28,0,2024-05-13,-10275.2
1861,Customer_1861,customer1861@mail.com,stored,Rice,2023-03-04,2023-08-10,24,1200,159,22,2798.4,yes,48,0,2023-08-10,-2798.4
55,Customer_55,customer55@mail.com,storing,Sorghum,2023-09-16,2023-09-27,152,3800,11,40,2229.33,yes,25,0,2023-09-27,-2229.33
845,Customer_845,customer845@mail.com,stored,Rice,2023-10-22,2024-02-06,139,6950,107,38,18839.13,no,40,278000,2024-02-06,259160.87
251,Customer_251,customer251@mail.com,storing,Maize,2023-04-19,2023-09-07,119,5950,141,37,20694.1,yes,50,0,2023-09-07,-20694.1
100,Customer_100,customer100@mail.com,stored,Sorghum,2023-02-09,2023-07-26,51,2550,167,25,7097.5,no,41,0,2023-07-26,-7097.5
1018,Customer_1018,customer1018@mail.com,stored,Maize,2023-10-23,2023-12-01,114,5700,39,21,3112.2,partial,40,228000,2023-12-01,224887.8
577,Customer_577,customer577@mail.com,sold,Sorghum,2023-08-19,2023-11-03,111,5550,76,24,6748.8,partial,46,0,2023-11-03,-6748.8
671,Customer_671,customer671@mail.com,stored,Barley,2024-01-12,2024-06-18,136,3400,158,44,31515.73,yes,55,0,2024-06-18,-31515.73
1063,Customer_1063,customer1063@mail.com,sold,Millet,2023-09-20,2024-01-25,139,3475,127,55,32363.83,yes,53,0,2024-01-25,-32363.83
1376,Customer_1376,customer1376@mail.com,storing,Maize,2023-03-22,2023-09-17,87,4350,179,58,30107.8,yes,45,0,2023-09-17,-30107.8
1653,Customer_1653,customer1653@mail.com,storing,Sorghum,2024-05-16,2024-06-18,111,2775,33,42,5128.2,no,54,0,2024-06-18,-5128.2
281,Customer_281,customer281@mail.com,stored,Maize,2024-03-13,2024-08-28,23,575,168,57,7341.6,no,26,0,2024-08-28,-7341.6
778,Customer_778,customer778@mail.com,sold,Sorghum,2023-08-31,2024-01-12,14,700,134,40,2501.33,partial,51,35700,2024-01-12,33198.67
1754,Customer_1754,customer1754@mail.com,sold,Sorghum,2024-04-09,2024-05-06,119,5950,27,40,4284.0,no,27,160650,2024-05-06,156366.0
459,Customer_459,customer459@mail.com,stored,Rice,2023-04-07,2023-06-27,34,850,81,48,4406.4,partial,41,34850,2023-06-27,30443.6
718,Customer_718,customer718@mail.com,storing,Rice,2023-02-03,2023-05-10,51,1275,96,26,4243.2,yes,49,0,2023-05-10,-4243.2
1782,Customer_1782,customer1782@mail.com,sold,Millet,2024-04-11,2024-07-25,150,7500,105,38,19950.0,partial,40,300000,2024-07-25,280050.0
357,Customer_357,customer357@mail.com,stored,Sorghum,2024-02-05,2024-02-19,116,5800,14,58,3139.73,no,49,284200,2024-02-19,281060.27
1248,Customer_1248,customer1248@mail.com,sold,Sorghum,2023-09-23,2023-10-26,46,2300,33,22,1113.2,partial,39,89700,2023-10-26,88586.8
145,Customer_145,customer145@mail.com,sold,Rice,2023-09-04,2023-12-07,176,8800,94,25,13786.67,partial,34,299200,2023-12-07,285413.33
1762,Customer_1762,customer1762@mail.com,sold,Rice,2023-09-22,2024-01-30,24,1200,130,31,3224.0,partial,39,0,2024-01-30,-3224.0
950,Customer_950,customer950@mail.com,sold,Rice,2024-08-12,2025-01-30,178,4450,171,22,22321.2,partial,50,222500,2025-01-30,200178.8
828,Customer_828,customer828@mail.com,storing,Rice,2023-09-17,2023-12-02,18,900,76,45,2052.0,yes,53,47700,2023-12-02,45648.0
1536,Customer_1536,customer1536@mail.com,sold,Sorghum,2024-01-19,2024-03-15,15,750,56,50,1400.0,partial,51,0,2024-03-15,-1400.0
1861,Customer_1861,customer1861@mail.com,storing,Rice,2023-10-01,2023-10-25,58,1450,24,36,1670.4,partial,47,68150,2023-10-25,66479.6
1222,Customer_1222,customer1222@mail.com,storing,Sorghum,2023-12-09,2023-12-29,28,700,20,35,653.33,partial,28,19600,2023-12-29,18946.67
668,Customer_668,customer668@mail.com,sold,Wheat,2023-11-26,2024-02-25,153,7650,91,44,20420.4,yes,53,0,2024-02-25,-20420.4
1992,Customer_1992,customer1992@mail.com,stored,Millet,2023-08-12,2024-01-03,134,3350,144,25,16080.0,partial,28,0,2024-01-03,-16080.0
181,Customer_181,customer181@mail.com,storing,Sorghum,2023-12-10,2023-12-26,70,3500,16,28,1045.33,yes,42,147000,2023-12-26,145954.67
310,Customer_310,customer310@mail.com,stored,Barley,2023-04-02,2023-08-09,15,375,129,27,1741.5,partial,27,0,2023-08-09,-1741.5
1575,Customer_1575,customer1575@mail.com,sold,Maize,2024-02-26,2024-04-25,148,3700,59,34,9896.27,partial,52,192400,2024-04-25,182503.73
341,Customer_341,customer341@mail.com,storing,Rice,2024-06-14,2024-08-24,44,2200,71,52,5414.93,yes,33,0,2024-08-24,-5414.93
1368,Customer_1368,customer1368@mail.com,stored,Barley,2023-04-20,2023-10-09,130,6500,172,54,40248.0,yes,46,299000,2023-10-09,258752.0
1010,Customer_1010,customer1010@mail.com,stored,Barley,2023-03-09,2023-04-17,183,9150,39,22,5233.8,partial,41,0,2023-04-17,-5233.8
1840,Customer_1840,customer1840@mail.com,storing,Sorghum,2024-02-05,2024-06-04,147,3675,120,48,28224.0,yes,26,95550,2024-06-04,67326.0
127,Customer_127,customer127@mail.com,stored,Wheat,2023-04-15,2023-04-25,193,4825,10,50,3216.67,no,39,0,2023-04-25,-3216.67
1803,Customer_1803,customer1803@mail.com,sold,Millet,2023-06-09,2023-11-11,22,1100,155,23,2614.33,partial,42,0,2023-11-11,-2614.33
1787,Customer_1787,customer1787@mail.com,stored,Millet,2023-12-14,2024-01-01,147,7350,18,23,2028.6,yes,43,316050,2024-01-01,314021.4
1093,Customer_1093,customer1093@mail.com,stored,Millet,2023-09-19,2024-02-10,83,2075,144,25,9960.0,yes,41,0,2024-02-10,-9960.0
444,Customer_444,customer444@mail.com,stored,Rice,2024-04-16,2024-07-28,143,3575,103,59,28967.03,no,55,196625,2024-07-28,167657.97
1250,Customer_1250,customer1250@mail.com,stored,Wheat,2023-09-13,2023-10-05,38,950,22,32,891.73,yes,48,45600,2023-10-05,44708.27
1754,Customer_1754,customer1754@mail.com,sold,Millet,2023-09-04,2024-01-15,41,2050,133,31,5634.77,partial,28,0,2024-01-15,-5634.77
770,Customer_770,customer770@mail.com,stored,Maize,2024-04-19,2024-08-26,10,500,129,49,2107.0,partial,45,22500,2024-08-26,20393.0
1191,Customer_1191,customer1191@mail.com,sold,Millet,2024-08-18,2025-01-07,13,325,142,54,3322.8,partial,54,0,2025-01-07,-3322.8
33,Customer_33,customer33@mail.com,storing,Sorghum,2023-01-16,2023-06-30,172,4300,165,42,39732.0,partial,29,124700,2023-06-30,84968.0
1896,Customer_1896,customer1896@mail.com,stored,Barley,2023-10-08,2024-02-24,58,1450,139,29,7793.27,partial,53,76850,2024-02-24,69056.73
642,Customer_642,customer642@mail.com,sold,Barley,2023-01-20,2023-04-12,40,1000,82,26,2842.67,yes,25,0,2023-04-12,-2842.67
732,Customer_732,customer732@mail.com,storing,Sorghum,2023-08-17,2024-01-20,129,6450,156,36,24148.8,no,51,0,2024-01-20,-24148.8
1262,Customer_1262,customer1262@mail.com,sold,Rice,2023-07-15,2023-10-21,31,775,98,38,3848.13,partial,26,0,2023-10-21,-3848.13
931,Customer_931,customer931@mail.com,storing,Maize,2024-03-28,2024-04-19,103,5150,22,24,1812.8,no,52,0,2024-04-19,-1812.8
1163,Customer_1163,customer1163@mail.com,sold,Maize,2023-07-19,2023-12-09,178,4450,143,49,41574.87,partial,26,115700,2023-12-09,74125.13
10,Customer_10,customer10@mail.com,stored,Maize,2023-12-17,2024-03-03,17,850,77,55,2399.83,yes,51,0,2024-03-03,-2399.83
168,Customer_168,customer168@mail.com,sold,Sorghum,2024-08-16,2024-11-17,119,2975,93,42,15493.8,yes,29,86275,2024-11-17,70781.2
762,Customer_762,customer762@mail.com,sold,Sorghum,2024-05-05,2024-07-17,36,1800,73,52,4555.2,no,34,0,2024-07-17,-4555.2
1697,Customer_1697,customer1697@mail.com,sold,Wheat,2024-03-31,2024-09-22,151,3775,175,21,18497.5,yes,29,109475,2024-09-22,90977.5
1490,Customer_1490,customer1490@mail.com,sold,Barley,2023-11-16,2024-01-24,27,675,69,23,1428.3,partial,51,0,2024-01-24,-1428.3
1413,Customer_1413,customer1413@mail.com,stored,Wheat,2023-02-05,2023-05-10,170,4250,94,54,28764.0,no,41,0,2023-05-10,-28764.0
1518,Customer_1518,customer1518@mail.com,sold,Wheat,2024-02-05,2024-07-18,122,6100,164,37,24676.53,partial,47,286700,2024-07-18,262023.47
1234,Customer_1234,customer1234@mail.com,sold,Maize,2023-04-07,2023-07-12,160,8000,96,34,17408.0,no,25,0,2023-07-12,-17408.0
274,Customer_274,customer274@mail.com,stored,Barley,2023-09-04,2023-12-25,110,5500,112,53,21765.33,partial,50,0,2023-12-25,-21765.33
1251,Customer_1251,customer1251@mail.com,sold,Sorghum,2024-04-15,2024-07-10,92,2300,86,44,11604.27,yes,50,115000,2024-07-10,103395.73
1549,Customer_1549,customer1549@mail.com,storing,Maize,2023-09-07,2024-03-03,41,2050,178,44,10703.73,yes,42,0,2024-03-03,-10703.73
678,Customer_678,customer678@mail.com,storing,Rice,2024-01-10,2024-06-03,82,2050,145,34,13475.33,no,31,63550,2024-06-03,50074.67
151,Customer_151,customer151@mail.com,storing,Millet,2023-10-23,2023-11-05,32,800,13,40,554.67,partial,50,0,2023-11-05,-554.67
163,Customer_163,customer163@mail.com,stored,Barley,2024-01-08,2024-05-10,95,2375,123,50,19475.0,partial,42,99750,2024-05-10,80275.0
1668,Customer_1668,customer1668@mail.com,stored,Millet,2023-01-18,2023-06-24,60,3000,157,59,18526.0,yes,38,114000,2023-06-24,95474.0
1739,Customer_1739,customer1739@mail.com,sold,Wheat,2024-07-03,2024-11-22,155,3875,142,36,26412.0,yes,25,0,2024-11-22,-26412.0
1283,Customer_1283,customer1283@mail.com,sold,Maize,2023-07-08,2023-12-16,165,4125,161,51,45160.5,yes,52,0,2023-12-16,-45160.5
1727,Customer_1727,customer1727@mail.com,storing,Wheat,2023-03-13,2023-08-04,172,4300,144,56,46233.6,no,41,176300,2023-08-04,130066.4
1575,Customer_1575,customer1575@mail.com,sold,Millet,2023-08-17,2024-01-04,82,4100,140,22,8418.67,partial,38,155800,2024-01-04,147381.33
1938,Customer_1938,customer1938@mail.com,storing,Wheat,2023-02-04,2023-05-17,18,450,102,52,3182.4,no,36,16200,2023-05-17,13017.6
35,Customer_35,customer35@mail.com,stored,Rice,2024-02-03,2024-06-25,138,6900,143,26,17102.8,partial,28,0,2024-06-25,-17102.8
1288,Customer_1288,customer1288@mail.com,storing,Millet,2024-02-18,2024-05-22,110,2750,94,21,7238.0,yes,54,148500,2024-05-22,141262.0
1670,Customer_1670,customer1670@mail.com,stored,Wheat,2023-10-05,2024-01-19,174,4350,106,26,15984.8,yes,27,0,2024-01-19,-15984.8
185,Customer_185,customer185@mail.com,storing,Maize,2023-02-03,2023-05-31,98,2450,117,45,17199.0,no,35,0,2023-05-31,-17199.0
1926,Customer_1926,customer1926@mail.com,stored,Rice,2023-02-09,2023-03-13,120,3000,32,43,5504.0,no,34,0,2023-03-13,-5504.0
1805,Customer_1805,customer1805@mail.com,stored,Rice,2023-11-24,2024-05-17,182,4550,175,26,27603.33,partial,54,245700,2024-05-17,218096.67
40,Customer_40,customer40@mail.com,storing,Sorghum,2023-08-05,2023-09-01,97,2425,27,24,2095.2,partial,52,126100,2023-09-01,124004.8
621,Customer_621,customer621@mail.com,storing,Rice,2024-06-13,2024-11-03,135,3375,143,50,32175.0,partial,54,0,2024-11-03,-32175.0
147,Customer_147,customer147@mail.com,storing,Sorghum,2024-01-18,2024-02-14,161,8050,27,25,3622.5,no,31,0,2024-02-14,-3622.5
172,Customer_172,customer172@mail.com,storing,Barley,2023-01-10,2023-03-26,100,2500,75,32,8000.0,no,35,87500,2023-03-26,79500.0
155,Customer_155,customer155@mail.com,storing,Rice,2023-07-07,2023-12-28,13,650,174,21,1583.4,partial,39,0,2023-12-28,-1583.4
1977,Customer_1977,customer1977@mail.com,storing,Millet,2023-07-22,2023-10-02,25,1250,72,55,3300.0,partial,27,0,2023-10-02,-3300.0
905,Customer_905,customer905@mail.com,sold,Rice,2023-04-25,2023-09-06,10,250,134,56,2501.33,yes,52,13000,2023-09-06,10498.67
1598,Customer_1598,customer1598@mail.com,sold,Millet,2023-04-25,2023-06-28,58,2900,64,55,6805.33,no,39,113100,2023-06-28,106294.67
1033,Customer_1033,customer1033@mail.com,stored,Rice,2024-07-14,2024-10-18,124,3100,96,46,18252.8,yes,34,0,2024-10-18,-18252.8
928,Customer_928,customer928@mail.com,sold,Millet,2024-07-11,2024-12-04,100,5000,146,53,25793.33,partial,47,235000,2024-12-04,209206.67
479,Customer_479,customer479@mail.com,storing,Barley,2024-01-11,2024-04-14,148,7400,94,29,13448.27,partial,48,355200,2024-04-14,341751.73
154,Customer_154,customer154@mail.com,stored,Wheat,2023-02-27,2023-05-22,116,5800,84,53,17214.4,no,55,319000,2023-05-22,301785.6
1952,Customer_1952,customer1952@mail.com,stored,Rice,2023-05-19,2023-08-29,76,3800,102,23,5943.2,yes,39,148200,2023-08-29,142256.8
1379,Customer_1379,customer1379@mail.com,sold,Barley,2023-04-16,2023-06-25,108,5400,70,51,12852.0,no,27,0,2023-06-25,-12852.0
49,Customer_49,customer49@mail.com,stored,Barley,2024-08-03,2024-08-30,70,3500,27,41,2583.0,yes,35,0,2024-08-30,-2583.0
1701,Customer_1701,customer1701@mail.com,storing,Sorghum,2024-07-27,2024-11-16,161,4025,112,44,26446.93,no,28,112700,2024-11-16,86253.07
1959,Customer_1959,customer1959@mail.com,sold,Maize,2024-06-25,2024-10-18,80,4000,115,36,11040.0,yes,54,216000,2024-10-18,204960.0
1737,Customer_1737,customer1737@mail.com,sold,Millet,2023-12-28,2024-04-07,178,8900,101,27,16180.2,no,55,0,2024-04-07,-16180.2
464,Customer_464,customer464@mail.com,sold,Maize,2024-04-23,2024-10-17,122,6100,177,35,25193.0,partial,51,0,2024-10-17,-25193.0
1133,Customer_1133,customer1133@mail.com,sold,Maize,2023-07-16,2023-12-02,177,4425,139,57,46745.7,yes,26,0,2023-12-02,-46745.7
226,Customer_226,customer226@mail.com,sold,Millet,2023-11-19,2024-04-16,112,5600,149,41,22806.93,yes,39,218400,2024-04-16,195593.07
1900,Customer_1900,customer1900@mail.com,stored,Barley,2023-04-07,2023-07-20,190,9500,104,23,15149.33,yes,50,0,2023-07-20,-15149.33
17,Customer_17,customer17@mail.com,sold,Maize,2023-05-22,2023-07-17,133,3325,56,29,7199.73,yes,27,89775,2023-07-17,82575.27
528,Customer_528,customer528@mail.com,stored,Rice,2024-07-20,2024-11-02,93,4650,105,55,17902.5,partial,31,144150,2024-11-02,126247.5
344,Customer_344,customer344@mail.com,storing,Rice,2024-05-23,2024-09-30,115,5750,130,49,24418.33,partial,47,270250,2024-09-30,245831.67
452,Customer_452,customer452@mail.com,stored,Wheat,2023-09-22,2024-01-13,125,6250,113,45,21187.5,partial,34,212500,2024-01-13,191312.5
1211,Customer_1211,customer1211@mail.com,sold,Rice,2023-01-11,2023-04-30,140,3500,109,44,22381.33,partial,45,0,2023-04-30,-22381.33
657,Customer_657,customer657@mail.com,storing,Sorghum,2023-06-07,2023-11-18,174,4350,164,50,47560.0,partial,26,113100,2023-11-18,65540.0
798,Customer_798,customer798@mail.com,stored,Sorghum,2024-05-20,2024-11-05,62,3100,169,24,8382.4,no,45,0,2024-11-05,-8382.4
1944,Customer_1944,customer1944@mail.com,storing,Millet,2023-11-05,2024-04-20,64,1600,167,58,20663.47,yes,34,54400,2024-04-20,33736.53
1802,Customer_1802,customer1802@mail.com,stored,Wheat,2023-01-10,2023-05-04,95,4750,114,59,21299.0,no,37,0,2023-05-04,-21299.0
1242,Customer_1242,customer1242@mail.com,stored,Rice,2023-11-21,2024-02-26,109,2725,97,52,18326.53,yes,50,0,2024-02-26,-18326.53
1889,Customer_1889,customer1889@mail.com,sold,Wheat,2024-03-30,2024-09-26,41,2050,180,46,11316.0,partial,48,98400,2024-09-26,87084.0
1699,Customer_1699,customer1699@mail.com,sold,Millet,2024-06-13,2024-10-23,131,6550,132,29,16715.6,partial,38,0,2024-10-23,-16715.6
911,Customer_911,customer911@mail.com,storing,Sorghum,2023-04-13,2023-05-18,152,3800,35,59,10462.67,yes,52,0,2023-05-18,-10462.67
562,Customer_562,customer562@mail.com,sold,Rice,2023-08-15,2023-09-12,94,4700,28,27,2368.8,no,36,169200,2023-09-12,166831.2
1645,Customer_1645,customer1645@mail.com,stored,Sorghum,2024-02-25,2024-07-11,139,6950,137,22,13964.87,partial,37,0,2024-07-11,-13964.87
1190,Customer_1190,customer1190@mail.com,storing,Barley,2024-05-10,2024-05-28,87,4350,18,58,3027.6,no,38,0,2024-05-28,-3027.6
1291,Customer_1291,customer1291@mail.com,storing,Barley,2024-07-19,2024-07-29,20,1000,10,42,280.0,no,29,0,2024-07-29,-280.0
1440,Customer_1440,customer1440@mail.com,sold,Rice,2023-03-30,2023-07-27,63,1575,119,56,13994.4,yes,41,64575,2023-07-27,50580.6
1201,Customer_1201,customer1201@mail.com,sold,Rice,2023-05-12,2023-06-24,26,650,43,25,931.67,yes,50,0,2023-06-24,-931.67
1993,Customer_1993,customer1993@mail.com,sold,Maize,2023-12-30,2024-03-07,181,9050,68,26,10666.93,no,31,0,2024-03-07,-10666.93
1421,Customer_1421,customer1421@mail.com,storing,Sorghum,2024-05-31,2024-10-04,55,2750,126,47,10857.0,yes,53,0,2024-10-04,-10857.0
256,Customer_256,customer256@mail.com,stored,Barley,2023-04-01,2023-04-24,92,2300,23,38,2680.27,yes,52,119600,2023-04-24,116919.73
375,Customer_375,customer375@mail.com,sold,Maize,2023-03-05,2023-07-14,129,6450,131,59,33234.7,partial,49,0,2023-07-14,-33234.7
33,Customer_33,customer33@mail.com,storing,Maize,2023-01-04,2023-02-17,43,1075,44,54,3405.6,partial,34,36550,2023-02-17,33144.4
507,Customer_507,customer507@mail.com,sold,Sorghum,2023-03-28,2023-08-02,133,6650,127,33,18580.1,partial,40,266000,2023-08-02,247419.9
1105,Customer_1105,customer1105@mail.com,sold,Maize,2023-04-07,2023-08-08,163,8150,123,48,32078.4,partial,36,293400,2023-08-08,261321.6
689,Customer_689,customer689@mail.com,storing,Rice,2024-01-17,2024-02-18,103,2575,32,55,6042.67,no,45,115875,2024-02-18,109832.33
1897,Customer_1897,customer1897@mail.com,stored,Millet,2023-05-28,2023-08-21,100,5000,85,25,7083.33,no,31,0,2023-08-21,-7083.33
192,Customer_192,customer192@mail.com,storing,Wheat,2023-03-06,2023-05-10,114,5700,65,36,8892.0,no,38,216600,2023-05-10,207708.0
927,Customer_927,customer927@mail.com,stored,Millet,2023-11-10,2023-12-04,106,5300,24,23,1950.4,no,54,0,2023-12-04,-1950.4
1099,Customer_1099,customer1099@mail.com,storing,Millet,2024-05-07,2024-06-23,113,5650,47,22,3894.73,no,36,203400,2024-06-23,199505.27
718,Customer_718,customer718@mail.com,sold,Maize,2024-05-30,2024-11-07,67,3350,161,39,14023.1,yes,35,0,2024-11-07,-14023.1
56,Customer_56,customer56@mail.com,storing,Rice,2023-05-10,2023-06-22,57,2850,43,57,4656.9,partial,43,122550,2023-06-22,117893.1
973,Customer_973,customer973@mail.com,sold,Wheat,2024-06-14,2024-07-24,127,3175,40,41,6942.67,yes,44,139700,2024-07-24,132757.33
670,Customer_670,customer670@mail.com,storing,Sorghum,2023-09-20,2024-02-09,34,850,142,23,3701.47,partial,54,0,2024-02-09,-3701.47
1830,Customer_1830,customer1830@mail.com,storing,Barley,2024-04-26,2024-06-12,25,1250,47,59,2310.83,no,50,0,2024-06-12,-2310.83
1072,Customer_1072,customer1072@mail.com,stored,Wheat,2023-07-20,2023-08-22,167,8350,33,52,9552.4,yes,37,308950,2023-08-22,299397.6
1941,Customer_1941,customer1941@mail.com,sold,Maize,2023-12-05,2024-01-16,139,6950,42,30,5838.0,partial,35,0,2024-01-16,-5838.0
13,Customer_13,customer13@mail.com,stored,Wheat,2024-03-19,2024-05-28,157,7850,70,30,10990.0,no,28,0,2024-05-28,-10990.0
97,Customer_97,customer97@mail.com,stored,Barley,2023-05-29,2023-10-05,128,3200,129,52,28620.8,no,44,0,2023-10-05,-28620.8
19,Customer_19,customer19@mail.com,stored,Barley,2024-08-10,2024-08-22,55,2750,12,47,1034.0,partial,26,0,2024-08-22,-1034.0
303,Customer_303,customer303@mail.com,stored,Sorghum,2024-04-17,2024-08-30,133,3325,135,20,11970.0,no,33,0,2024-08-30,-11970.0
1281,Customer_1281,customer1281@mail.com,storing,Millet,2024-03-17,2024-07-23,151,3775,128,58,37367.47,partial,25,0,2024-07-23,-37367.47
915,Customer_915,customer915@mail.com,stored,Sorghum,2024-01-16,2024-05-17,120,6000,122,49,23912.0,partial,33,0,2024-05-17,-23912.0
1274,Customer_1274,customer1274@mail.com,sold,Millet,2023-01-31,2023-02-17,60,1500,17,50,1700.0,no,46,69000,2023-02-17,67300.0
1162,Customer_1162,customer1162@mail.com,storing,Barley,2024-07-06,2024-08-03,105,5250,28,34,3332.0,no,49,0,2024-08-03,-3332.0
1122,Customer_1122,customer1122@mail.com,storing,Maize,2024-02-29,2024-08-22,146,3650,175,21,17885.0,no,28,0,2024-08-22,-17885.0
587,Customer_587,customer587@mail.com,storing,Millet,2024-05-18,2024-08-29,35,1750,103,50,6008.33,no,34,0,2024-08-29,-6008.33
11,Customer_11,customer11@mail.com,stored,Rice,2023-06-06,2023-07-14,148,3700,38,44,8248.53,partial,48,0,2023-07-14,-8248.53
1046,Customer_1046,customer1046@mail.com,storing,Maize,2024-05-01,2024-08-24,42,2100,115,58,9338.0,yes,34,71400,2024-08-24,62062.0
523,Customer_523,customer523@mail.com,stored,Maize,2023-04-20,2023-08-26,114,5700,128,25,12160.0,partial,42,0,2023-08-26,-12160.0
944,Customer_944,customer944@mail.com,storing,Barley,2024-06-21,2024-12-02,134,6700,164,59,43219.47,partial,48,0,2024-12-02,-43219.47
123,Customer_123,customer123@mail.com,stored,Millet,2023-02-05,2023-07-24,168,4200,169,45,42588.0,no,46,193200,2023-07-24,150612.0
1955,Customer_1955,customer1955@mail.com,sold,Barley,2024-06-13,2024-11-26,88,2200,166,25,12173.33,partial,31,0,2024-11-26,-12173.33
73,Customer_73,customer73@mail.com,stored,Maize,2024-07-03,2024-12-03,115,2875,153,39,22873.5,partial,43,0,2024-12-03,-22873.5
846,Customer_846,customer846@mail.com,storing,Barley,2024-05-19,2024-08-25,191,4775,98,22,13726.53,partial,53,253075,2024-08-25,239348.47
160,Customer_160,customer160@mail.com,stored,Rice,2023-01-04,2023-05-30,22,1100,146,59,6316.93,yes,35,0,2023-05-30,-6316.93
160,Customer_160,customer160@mail.com,sold,Millet,2023-05-22,2023-06-17,115,2875,26,50,4983.33,partial,29,83375,2023-06-17,78391.67
713,Customer_713,customer713@mail.com,stored,Wheat,2024-06-30,2024-10-25,62,3100,117,40,9672.0,partial,26,0,2024-10-25,-9672.0
1699,Customer_1699,customer1699@mail.com,sold,Millet,2024-07-02,2024-08-23,146,3650,52,49,12400.27,yes,41,149650,2024-08-23,137249.73
1600,Customer_1600,customer1600@mail.com,stored,Millet,2024-06-29,2024-10-12,161,8050,105,52,29302.0,yes,53,0,2024-10-12,-29302.0
203,Customer_203,customer203@mail.com,storing,Barley,2024-04-24,2024-08-25,16,800,123,32,2099.2,partial,39,0,2024-08-25,-2099.2
1208,Customer_1208,customer1208@mail.com,stored,Maize,2023-11-08,2024-01-11,164,8200,64,59,20642.13,yes,28,229600,2024-01-11,208957.87
978,Customer_978,customer978@mail.com,storing,Wheat,2023-01-24,2023-02-20,168,4200,27,25,3780.0,partial,44,0,2023-02-20,-3780.0
1456,Customer_1456,customer1456@mail.com,storing,Barley,2023-03-31,2023-06-24,163,4075,85,30,13855.0,yes,43,175225,2023-06-24,161370.0
846,Customer_846,customer846@mail.com,storing,Maize,2024-01-22,2024-06-17,90,4500,147,51,22491.0,no,38,0,2024-06-17,-22491.0
1073,Customer_1073,customer1073@mail.com,stored,Sorghum,2023-12-23,2024-05-04,186,9300,133,25,20615.0,no,44,409200,2024-05-04,388585.0
1518,Customer_1518,customer1518@mail.com,stored,Millet,2023-10-01,2024-02-13,49,1225,135,22,4851.0,no,26,0,2024-02-13,-4851.0
1618,Customer_1618,customer1618@mail.com,storing,Barley,2024-07-06,2024-08-12,107,5350,37,37,4882.77,partial,26,0,2024-08-12,-4882.77
1778,Customer_1778,customer1778@mail.com,sold,Wheat,2024-02-05,2024-04-08,55,1375,63,37,4273.5,partial,48,66000,2024-04-08,61726.5
107,Customer_107,customer107@mail.com,sold,Maize,2023-09-17,2023-12-15,72,3600,89,46,9825.6,partial,36,0,2023-12-15,-9825.6
1515,Customer_1515,customer1515@mail.com,stored,Barley,2023-01-31,2023-03-16,64,1600,44,25,2346.67,yes,48,76800,2023-03-16,74453.33
803,Customer_803,customer803@mail.com,storing,Barley,2023-04-08,2023-06-10,17,425,63,25,892.5,yes,44,0,2023-06-10,-892.5
1819,Customer_1819,customer1819@mail.com,stored,Maize,2023-09-26,2023-11-12,42,1050,47,57,3750.6,partial,28,29400,2023-11-12,25649.4
721,Customer_721,customer721@mail.com,stored,Millet,2023-10-09,2024-02-08,78,1950,122,47,14908.4,partial,26,0,2024-02-08,-14908.4
1519,Customer_1519,customer1519@mail.com,storing,Wheat,2023-10-28,2023-11-09,113,5650,12,29,1310.8,yes,40,0,2023-11-09,-1310.8
1031,Customer_1031,customer1031@mail.com,sold,Wheat,2023-07-27,2023-10-27,98,4900,92,52,15627.73,no,44,0,2023-10-27,-15627.73
18,Customer_18,customer18@mail.com,sold,Sorghum,2024-01-30,2024-05-20,63,3150,111,33,7692.3,no,44,138600,2024-05-20,130907.7
1356,Customer_1356,customer1356@mail.com,sold,Millet,2024-08-04,2025-01-21,37,925,170,40,8386.67,yes,34,31450,2025-01-21,23063.33
45,Customer_45,customer45@mail.com,storing,Sorghum,2024-01-27,2024-02-25,41,2050,29,24,951.2,yes,55,0,2024-02-25,-951.2
723,Customer_723,customer723@mail.com,stored,Barley,2024-01-05,2024-05-13,106,5300,129,28,12762.4,yes,34,180200,2024-05-13,167437.6
275,Customer_275,customer275@mail.com,sold,Millet,2024-04-28,2024-05-08,130,6500,10,60,2600.0,yes,34,0,2024-05-08,-2600.0
957,Customer_957,customer957@mail.com,storing,Wheat,2023-12-16,2024-05-09,23,1150,145,28,3112.67,partial,48,55200,2024-05-09,52087.33
525,Customer_525,customer525@mail.com,sold,Barley,2024-06-08,2024-08-11,21,1050,64,36,1612.8,yes,36,0,2024-08-11,-1612.8
1064,Customer_1064,customer1064@mail.com,storing,Millet,2023-03-13,2023-07-20,118,5900,129,39,19788.6,partial,28,165200,2023-07-20,145411.4
1234,Customer_1234,customer1234@mail.com,sold,Maize,2024-02-23,2024-07-05,123,6150,133,28,15268.4,no,32,0,2024-07-05,-15268.4
243,Customer_243,customer243@mail.com,stored,Sorghum,2023-10-11,2024-02-25,86,4300,137,22,8640.13,partial,29,124700,2024-02-25,116059.87
1277,Customer_1277,customer1277@mail.com,sold,Sorghum,2023-11-28,2024-02-11,138,6900,75,21,7245.0,no,45,310500,2024-02-11,303255.0
1892,Customer_1892,customer1892@mail.com,sold,Maize,2023-12-30,2024-05-19,69,1725,141,60,19458.0,yes,47,0,2024-05-19,-19458.0
1406,Customer_1406,customer1406@mail.com,storing,Rice,2023-03-31,2023-05-16,150,3750,46,47,10810.0,partial,39,0,2023-05-16,-10810.0
741,Customer_741,customer741@mail.com,sold,Wheat,2023-02-13,2023-08-06,150,7500,174,30,26100.0,partial,36,0,2023-08-06,-26100.0
10,Customer_10,customer10@mail.com,storing,Wheat,2024-04-27,2024-08-25,56,1400,120,22,4928.0,no,41,57400,2024-08-25,52472.0
1936,Customer_1936,customer1936@mail.com,stored,Rice,2023-07-23,2023-12-07,76,1900,137,39,13535.6,no,35,0,2023-12-07,-13535.6
546,Customer_546,customer546@mail.com,sold,Millet,2023-10-14,2024-02-24,115,5750,133,50,25491.67,no,45,0,2024-02-24,-25491.67
1536,Customer_1536,customer1536@mail.com,sold,Millet,2024-01-31,2024-02-23,34,850,23,45,1173.0,yes,44,37400,2024-02-23,36227.0
503,Customer_503,customer503@mail.com,sold,Sorghum,2023-02-22,2023-03-23,49,1225,29,39,1847.3,no,28,34300,2023-03-23,32452.7
1985,Customer_1985,customer1985@mail.com,sold,Barley,2024-03-19,2024-08-12,74,1850,146,24,8643.2,no,52,0,2024-08-12,-8643.2
277,Customer_277,customer277@mail.com,stored,Rice,2024-02-12,2024-07-11,90,2250,150,56,25200.0,yes,35,78750,2024-07-11,53550.0
1323,Customer_1323,customer1323@mail.com,sold,Wheat,2023-03-11,2023-05-28,139,6950,78,55,19877.0,partial,55,0,2023-05-28,-19877.0
1472,Customer_1472,customer1472@mail.com,sold,Rice,2023-03-29,2023-04-14,165,8250,16,52,4576.0,partial,50,412500,2023-04-14,407924.0
48,Customer_48,customer48@mail.com,storing,Wheat,2023-08-15,2023-09-12,138,3450,28,37,4765.6,no,34,117300,2023-09-12,112534.4
339,Customer_339,customer339@mail.com,storing,Millet,2024-03-10,2024-06-11,194,9700,93,50,30070.0,no,27,0,2024-06-11,-30070.0
1293,Customer_1293,customer1293@mail.com,sold,Maize,2023-10-25,2024-02-02,167,4175,100,26,14473.33,no,49,204575,2024-02-02,190101.67
825,Customer_825,customer825@mail.com,sold,Millet,2024-04-07,2024-06-22,172,4300,76,33,14379.2,yes,41,176300,2024-06-22,161920.8
1152,Customer_1152,customer1152@mail.com,sold,Wheat,2024-05-19,2024-08-14,177,4425,87,58,29771.4,yes,31,0,2024-08-14,-29771.4
1956,Customer_1956,customer1956@mail.com,storing,Barley,2024-04-19,2024-07-15,116,2900,87,37,12446.8,no,41,118900,2024-07-15,106453.2
1920,Customer_1920,customer1920@mail.com,storing,Wheat,2023-12-15,2024-03-15,59,2950,91,53,9485.23,partial,49,144550,2024-03-15,135064.77
351,Customer_351,customer351@mail.com,stored,Millet,2024-07-13,2024-12-05,143,3575,145,20,13823.33,partial,31,110825,2024-12-05,97001.67
1601,Customer_1601,customer1601@mail.com,sold,Barley,2024-04-16,2024-09-07,155,7750,144,43,31992.0,no,43,0,2024-09-07,-31992.0
1825,Customer_1825,customer1825@mail.com,stored,Rice,2024-02-06,2024-03-01,109,2725,24,27,2354.4,yes,44,119900,2024-03-01,117545.6
162,Customer_162,customer162@mail.com,storing,Maize,2023-08-19,2023-09-06,141,3525,18,30,2538.0,yes,46,0,2023-09-06,-2538.0
412,Customer_412,customer412@mail.com,stored,Barley,2023-01-11,2023-03-26,117,5850,74,44,12698.4,partial,27,157950,2023-03-26,145251.6
777,Customer_777,customer777@mail.com,stored,Rice,2023-07-22,2023-10-14,14,700,84,41,1607.2,partial,25,0,2023-10-14,-1607.2
683,Customer_683,customer683@mail.com,stored,Barley,2024-02-25,2024-06-16,126,6300,112,41,19286.4,no,31,0,2024-06-16,-19286.4
346,Customer_346,customer346@mail.com,sold,Sorghum,2023-09-26,2023-10-09,123,3075,13,23,1225.9,no,43,0,2023-10-09,-1225.9
1609,Customer_1609,customer1609@mail.com,storing,Barley,2023-04-25,2023-08-25,108,5400,122,28,12297.6,yes,43,232200,2023-08-25,219902.4
1331,Customer_1331,customer1331@mail.com,sold,Millet,2023-05-12,2023-10-05,38,1900,146,59,10911.07,yes,33,62700,2023-10-05,51788.93
1393,Customer_1393,customer1393@mail.com,sold,Sorghum,2024-04-09,2024-09-24,21,1050,168,56,6585.6,yes,31,32550,2024-09-24,25964.4
1543,Customer_1543,customer1543@mail.com,sold,Maize,2024-05-26,2024-11-20,109,2725,178,22,14228.13,no,39,0,2024-11-20,-14228.13
1860,Customer_1860,customer1860@mail.com,stored,Barley,2024-01-14,2024-04-24,159,3975,101,54,28906.2,yes,40,0,2024-04-24,-28906.2
438,Customer_438,customer438@mail.com,sold,Millet,2024-06-22,2024-07-04,174,8700,12,29,2018.4,yes,34,295800,2024-07-04,293781.6
225,Customer_225,customer225@mail.com,stored,Wheat,2024-04-18,2024-10-01,124,6200,166,21,14408.8,yes,47,0,2024-10-01,-14408.8
1938,Customer_1938,customer1938@mail.com,stored,Sorghum,2024-08-04,2024-09-07,17,850,34,37,712.87,partial,25,0,2024-09-07,-712.87
448,Customer_448,customer448@mail.com,storing,Rice,2024-05-07,2024-09-17,160,4000,133,51,36176.0,partial,32,0,2024-09-17,-36176.0
1844,Customer_1844,customer1844@mail.com,stored,Wheat,2023-10-31,2024-03-12,114,5700,133,45,22743.0,no,42,239400,2024-03-12,216657.0
1820,Customer_1820,customer1820@mail.com,storing,Rice,2024-02-06,2024-05-03,194,9700,87,36,20253.6,no,35,339500,2024-05-03,319246.4
212,Customer_212,customer212@mail.com,sold,Rice,2023-08-17,2023-09-10,121,6050,24,34,3291.2,partial,37,0,2023-09-10,-3291.2
1748,Customer_1748,customer1748@mail.com,sold,Rice,2023-04-03,2023-06-19,16,800,77,51,2094.4,partial,53,42400,2023-06-19,40305.6
1155,Customer_1155,customer1155@mail.com,storing,Maize,2023-11-27,2024-02-01,109,5450,66,50,11990.0,yes,47,0,2024-02-01,-11990.0
1736,Customer_1736,customer1736@mail.com,sold,Wheat,2023-04-04,2023-04-18,20,1000,14,56,522.67,yes,53,0,2023-04-18,-522.67
99,Customer_99,customer99@mail.com,stored,Rice,2023-12-10,2024-02-22,200,10000,74,29,14306.67,no,32,0,2024-02-22,-14306.67
1531,Customer_1531,customer1531@mail.com,stored,Wheat,2023-07-24,2024-01-13,24,1200,173,34,4705.6,yes,54,0,2024-01-13,-4705.6
1158,Customer_1158,customer1158@mail.com,storing,Barley,2023-06-06,2023-07-12,33,1650,36,50,1980.0,no,25,0,2023-07-12,-1980.0
195,Customer_195,customer195@mail.com,stored,Rice,2024-05-02,2024-10-26,87,2175,177,52,26691.6,yes,46,100050,2024-10-26,73358.4
822,Customer_822,customer822@mail.com,storing,Maize,2023-12-15,2024-02-24,96,4800,71,46,10451.2,yes,41,0,2024-02-24,-10451.2
451,Customer_451,customer451@mail.com,storing,Millet,2023-11-09,2024-03-23,194,9700,135,33,28809.0,no,53,0,2024-03-23,-28809.0
1876,Customer_1876,customer1876@mail.com,sold,Millet,2024-05-08,2024-07-02,163,8150,55,25,7470.83,yes,52,423800,2024-07-02,416329.17
1183,Customer_1183,customer1183@mail.com,sold,Barley,2024-02-29,2024-08-02,118,2950,155,57,34751.0,no,32,94400,2024-08-02,59649.0
118,Customer_118,customer118@mail.com,stored,Maize,2023-10-08,2023-11-13,162,4050,36,43,8359.2,no,44,0,2023-11-13,-8359.2
661,Customer_661,customer661@mail.com,stored,Millet,2023-06-28,2023-11-04,162,4050,129,22,15325.2,no,52,0,2023-11-04,-15325.2
1492,Customer_1492,customer1492@mail.com,stored,Barley,2024-04-28,2024-07-03,86,4300,66,36,6811.2,yes,36,154800,2024-07-03,147988.8
1601,Customer_1601,customer1601@mail.com,sold,Barley,2024-07-23,2024-09-15,150,3750,54,52,14040.0,partial,37,138750,2024-09-15,124710.0
1233,Customer_1233,customer1233@mail.com,stored,Barley,2024-05-12,2024-07-23,163,4075,72,21,8215.2,no,28,114100,2024-07-23,105884.8
413,Customer_413,customer413@mail.com,sold,Maize,2023-08-30,2023-09-20,22,1100,21,35,539.0,partial,36,0,2023-09-20,-539.0
1497,Customer_1497,customer1497@mail.com,stored,Maize,2024-02-04,2024-05-24,199,4975,110,59,43050.33,yes,37,184075,2024-05-24,141024.67
1669,Customer_1669,customer1669@mail.com,sold,Barley,2023-10-12,2023-10-26,152,3800,14,34,2411.73,yes,53,0,2023-10-26,-2411.73
45,Customer_45,customer45@mail.com,storing,Millet,2024-06-19,2024-11-12,131,3275,146,33,21038.6,partial,28,91700,2024-11-12,70661.4
512,Customer_512,customer512@mail.com,storing,Sorghum,2023-05-19,2023-07-25,144,7200,67,43,13828.8,partial,55,396000,2023-07-25,382171.2
550,Customer_550,customer550@mail.com,storing,Sorghum,2024-05-19,2024-09-24,23,1150,128,56,5495.47,partial,29,0,2024-09-24,-5495.47
837,Customer_837,customer837@mail.com,stored,Rice,2023-08-02,2023-12-13,200,10000,133,43,38126.67,partial,42,420000,2023-12-13,381873.33
840,Customer_840,customer840@mail.com,stored,Rice,2023-04-08,2023-04-24,130,3250,16,36,2496.0,no,27,87750,2023-04-24,85254.0
1136,Customer_1136,customer1136@mail.com,storing,Barley,2023-11-06,2024-01-22,191,9550,77,26,12746.07,partial,47,448850,2024-01-22,436103.93
1325,Customer_1325,customer1325@mail.com,sold,Sorghum,2023-03-09,2023-06-12,91,4550,95,45,12967.5,yes,30,136500,2023-06-12,123532.5
1680,Customer_1680,customer1680@mail.com,storing,Rice,2023-03-28,2023-09-05,34,850,161,27,4926.6,yes,52,44200,2023-09-05,39273.4
136,Customer_136,customer136@mail.com,stored,Maize,2023-02-11,2023-05-15,197,9850,93,40,24428.0,partial,45,0,2023-05-15,-24428.0
655,Customer_655,customer655@mail.com,sold,Maize,2023-02-15,2023-06-24,46,2300,129,39,7714.2,yes,29,0,2023-06-24,-7714.2
1872,Customer_1872,customer1872@mail.com,sold,Millet,2024-02-26,2024-05-13,85,4250,77,34,7417.67,yes,34,144500,2024-05-13,137082.33
1202,Customer_1202,customer1202@mail.com,sold,Barley,2024-01-28,2024-06-16,124,6200,140,32,18517.33,partial,40,248000,2024-06-16,229482.67
1867,Customer_1867,customer1867@mail.com,sold,Maize,2023-02-04,2023-07-26,182,9100,172,56,58434.13,partial,46,418600,2023-07-26,360165.87
787,Customer_787,customer787@mail.com,sold,Barley,2024-03-04,2024-04-25,136,6800,52,40,9429.33,yes,37,251600,2024-04-25,242170.67
1976,Customer_1976,customer1976@mail.com,sold,Wheat,2023-08-18,2023-12-29,126,3150,133,46,25695.6,no,27,85050,2023-12-29,59354.4
1272,Customer_1272,customer1272@mail.com,storing,Barley,2024-07-30,2024-12-29,127,6350,152,24,15443.2,no,25,0,2024-12-29,-15443.2
1123,Customer_1123,customer1123@mail.com,storing,Rice,2023-09-22,2023-12-18,101,5050,87,50,14645.0,partial,43,0,2023-12-18,-14645.0
1343,Customer_1343,customer1343@mail.com,storing,Maize,2023-05-04,2023-09-26,174,8700,145,23,19343.0,no,47,0,2023-09-26,-19343.0
559,Customer_559,customer559@mail.com,storing,Wheat,2024-06-17,2024-12-14,146,3650,180,49,42924.0,no,36,0,2024-12-14,-42924.0
51,Customer_51,customer51@mail.com,sold,Wheat,2023-08-06,2023-09-14,163,8150,39,26,5509.4,no,46,0,2023-09-14,-5509.4
1516,Customer_1516,customer1516@mail.com,stored,Maize,2024-03-26,2024-07-24,11,275,120,30,1320.0,partial,52,14300,2024-07-24,12980.0
743,Customer_743,customer743@mail.com,stored,Maize,2024-01-09,2024-02-06,181,9050,28,30,5068.0,yes,31,280550,2024-02-06,275482.0
419,Customer_419,customer419@mail.com,storing,Wheat,2023-08-08,2023-12-08,179,4475,122,60,43676.0,yes,49,219275,2023-12-08,175599.0
1883,Customer_1883,customer1883@mail.com,sold,Millet,2023-01-13,2023-05-13,175,4375,120,30,21000.0,no,27,118125,2023-05-13,97125.0
1140,Customer_1140,customer1140@mail.com,storing,Millet,2023-07-11,2023-09-26,19,475,77,41,1999.43,no,28,0,2023-09-26,-1999.43
935,Customer_935,customer935@mail.com,stored,Rice,2024-04-25,2024-05-31,99,4950,36,28,3326.4,yes,32,0,2024-05-31,-3326.4
760,Customer_760,customer760@mail.com,stored,Rice,2024-05-01,2024-09-03,116,2900,125,43,20783.33,yes,46,133400,2024-09-03,112616.67
1001,Customer_1001,customer1001@mail.com,stored,Wheat,2023-10-15,2023-11-17,93,2325,33,42,4296.6,no,49,113925,2023-11-17,109628.4
620,Customer_620,customer620@mail.com,stored,Millet,2024-08-14,2024-12-02,72,3600,110,43,11352.0,no,47,0,2024-12-02,-11352.0
1227,Customer_1227,customer1227@mail.com,stored,Rice,2024-03-31,2024-09-26,74,3700,179,34,15012.13,no,55,0,2024-09-26,-15012.13
426,Customer_426,customer426@mail.com,sold,Sorghum,2023-06-07,2023-07-31,49,2450,54,24,2116.8,partial,25,0,2023-07-31,-2116.8
576,Customer_576,customer576@mail.com,stored,Barley,2024-08-13,2024-10-05,60,3000,53,32,3392.0,no,48,144000,2024-10-05,140608.0
1589,Customer_1589,customer1589@mail.com,stored,Barley,2023-02-12,2023-07-22,91,2275,160,23,11162.67,partial,48,109200,2023-07-22,98037.33
191,Customer_191,customer191@mail.com,sold,Sorghum,2023-01-25,2023-04-12,35,875,77,54,4851.0,yes,36,31500,2023-04-12,26649.0
617,Customer_617,customer617@mail.com,storing,Millet,2024-02-21,2024-03-05,169,8450,13,22,1611.13,no,28,0,2024-03-05,-1611.13
126,Customer_126,customer126@mail.com,storing,Wheat,2023-03-23,2023-05-26,138,3450,64,52,15308.8,no,26,89700,2023-05-26,74391.2
1114,Customer_1114,customer1114@mail.com,stored,Wheat,2024-07-03,2024-09-10,182,4550,69,57,23860.2,no,25,113750,2024-09-10,89889.8
582,Customer_582,customer582@mail.com,stored,Rice,2023-10-30,2024-01-04,130,3250,66,58,16588.0,partial,25,0,2024-01-04,-16588.0
1813,Customer_1813,customer1813@mail.com,sold,Maize,2023-10-23,2024-03-01,149,7450,130,57,36803.0,yes,33,245850,2024-03-01,209047.0
697,Customer_697,customer697@mail.com,storing,Barley,2023-07-01,2023-08-27,121,6050,57,28,6437.2,partial,50,0,2023-08-27,-6437.2
1828,Customer_1828,customer1828@mail.com,stored,Wheat,2024-03-06,2024-04-18,21,1050,43,50,1505.0,partial,49,51450,2024-04-18,49945.0
423,Customer_423,customer423@mail.com,sold,Millet,2024-04-12,2024-08-02,144,3600,112,26,13977.6,yes,32,0,2024-08-02,-13977.6
1867,Customer_1867,customer1867@mail.com,sold,Sorghum,2024-06-08,2024-08-16,194,4850,69,52,23202.4,no,53,0,2024-08-16,-23202.4
445,Customer_445,customer445@mail.com,stored,Sorghum,2023-06-26,2023-07-07,97,2425,11,33,1173.7,no,52,126100,2023-07-07,124926.3
1951,Customer_1951,customer1951@mail.com,stored,Wheat,2024-05-30,2024-09-25,129,3225,118,29,14714.6,no,50,161250,2024-09-25,146535.4
590,Customer_590,customer590@mail.com,stored,Wheat,2023-06-23,2023-11-07,46,1150,137,35,7352.33,partial,48,55200,2023-11-07,47847.67
1608,Customer_1608,customer1608@mail.com,sold,Maize,2023-04-26,2023-05-09,102,5100,13,25,1105.0,yes,37,188700,2023-05-09,187595.0
1947,Customer_1947,customer1947@mail.com,sold,Wheat,2023-01-09,2023-03-01,108,2700,51,38,6976.8,no,47,126900,2023-03-01,119923.2
570,Customer_570,customer570@mail.com,storing,Barley,2023-04-25,2023-06-17,123,3075,53,50,10865.0,yes,50,153750,2023-06-17,142885.0
726,Customer_726,customer726@mail.com,stored,Rice,2024-02-06,2024-05-17,189,9450,101,31,19725.3,yes,28,264600,2024-05-17,244874.7
1213,Customer_1213,customer1213@mail.com,sold,Barley,2024-06-11,2024-07-22,29,725,41,56,2219.47,no,55,39875,2024-07-22,37655.53
1336,Customer_1336,customer1336@mail.com,sold,Barley,2023-05-03,2023-06-28,115,2875,56,38,8157.33,partial,39,112125,2023-06-28,103967.67
1323,Customer_1323,customer1323@mail.com,sold,Sorghum,2023-01-29,2023-06-18,166,4150,140,57,44156.0,partial,39,161850,2023-06-18,117694.0
348,Customer_348,customer348@mail.com,stored,Millet,2023-10-16,2023-12-17,102,2550,62,43,9064.4,yes,26,66300,2023-12-17,57235.6
1174,Customer_1174,customer1174@mail.com,sold,Barley,2023-01-13,2023-06-15,67,3350,153,39,13326.3,no,54,180900,2023-06-15,167573.7
821,Customer_821,customer821@mail.com,stored,Maize,2023-12-11,2024-01-08,71,3550,28,31,2054.27,partial,44,156200,2024-01-08,154145.73
1344,Customer_1344,customer1344@mail.com,storing,Maize,2024-02-24,2024-04-10,80,4000,46,44,5397.33,partial,52,0,2024-04-10,-5397.33
878,Customer_878,customer878@mail.com,stored,Millet,2023-01-07,2023-06-09,25,1250,153,59,7522.5,partial,39,0,2023-06-09,-7522.5
1550,Customer_1550,customer1550@mail.com,sold,Millet,2023-05-31,2023-09-30,196,4900,122,49,39056.27,yes,25,122500,2023-09-30,83443.73
1006,Customer_1006,customer1006@mail.com,sold,Millet,2023-08-09,2023-11-09,30,1500,92,56,5152.0,partial,43,0,2023-11-09,-5152.0
376,Customer_376,customer376@mail.com,stored,Maize,2024-06-05,2024-11-22,87,2175,170,56,27608.0,no,48,104400,2024-11-22,76792.0
1275,Customer_1275,customer1275@mail.com,storing,Millet,2023-01-25,2023-07-02,173,4325,158,59,53756.87,partial,51,0,2023-07-02,-53756.87
779,Customer_779,customer779@mail.com,storing,Sorghum,2024-01-17,2024-03-21,41,2050,64,21,1836.8,yes,32,0,2024-03-21,-1836.8
1888,Customer_1888,customer1888@mail.com,storing,Maize,2024-05-13,2024-10-20,101,5050,160,38,20469.33,yes,35,0,2024-10-20,-20469.33
1138,Customer_1138,customer1138@mail.com,storing,Barley,2024-07-07,2024-10-01,71,1775,86,38,7734.27,partial,30,0,2024-10-01,-7734.27
1847,Customer_1847,customer1847@mail.com,sold,Barley,2023-02-21,2023-06-05,158,3950,104,22,12050.13,no,41,0,2023-06-05,-12050.13
574,Customer_574,customer574@mail.com,sold,Barley,2023-03-08,2023-07-12,109,5450,126,30,13734.0,partial,33,179850,2023-07-12,166116.0
1539,Customer_1539,customer1539@mail.com,stored,Wheat,2023-04-27,2023-05-16,198,4950,19,43,5392.2,yes,37,0,2023-05-16,-5392.2
867,Customer_867,customer867@mail.com,sold,Barley,2024-01-16,2024-04-12,190,9500,87,49,26999.0,yes,41,0,2024-04-12,-26999.0
873,Customer_873,customer873@mail.com,stored,Sorghum,2023-02-05,2023-02-26,165,8250,21,27,3118.5,yes,34,280500,2023-02-26,277381.5
1032,Customer_1032,customer1032@mail.com,sold,Sorghum,2024-01-18,2024-02-12,194,4850,25,23,3718.33,partial,42,203700,2024-02-12,199981.67
633,Customer_633,customer633@mail.com,storing,Rice,2024-03-06,2024-05-04,186,4650,59,50,18290.0,partial,35,162750,2024-05-04,144460.0
1043,Customer_1043,customer1043@mail.com,stored,Rice,2023-05-31,2023-07-08,36,1800,38,45,2052.0,yes,39,70200,2023-07-08,68148.0
1330,Customer_1330,customer1330@mail.com,storing,Millet,2023-12-07,2024-04-22,141,3525,137,28,18029.2,no,54,0,2024-04-22,-18029.2
1344,Customer_1344,customer1344@mail.com,stored,Sorghum,2023-07-28,2023-10-04,162,4050,68,27,9914.4,no,31,0,2023-10-04,-9914.4
1340,Customer_1340,customer1340@mail.com,storing,Wheat,2023-05-04,2023-07-30,174,4350,87,31,15642.6,partial,28,121800,2023-07-30,106157.4
481,Customer_481,customer481@mail.com,stored,Maize,2023-05-30,2023-11-08,89,2225,162,26,12495.6,yes,40,89000,2023-11-08,76504.4
1102,Customer_1102,customer1102@mail.com,stored,Rice,2023-12-22,2024-03-29,164,4100,98,35,18750.67,partial,40,0,2024-03-29,-18750.67
767,Customer_767,customer767@mail.com,stored,Maize,2023-05-30,2023-09-27,119,5950,120,56,26656.0,no,31,0,2023-09-27,-26656.0
1155,Customer_1155,customer1155@mail.com,sold,Rice,2023-02-13,2023-05-14,170,8500,90,32,16320.0,partial,34,289000,2023-05-14,272680.0
1517,Customer_1517,customer1517@mail.com,stored,Sorghum,2023-02-12,2023-03-12,126,3150,28,29,3410.4,partial,40,0,2023-03-12,-3410.4
1193,Customer_1193,customer1193@mail.com,sold,Rice,2023-11-26,2024-04-22,144,7200,148,43,30547.2,partial,32,230400,2024-04-22,199852.8
615,Customer_615,customer615@mail.com,sold,Millet,2024-03-09,2024-08-22,143,3575,166,28,22155.47,no,52,0,2024-08-22,-22155.47
1777,Customer_1777,customer1777@mail.com,storing,Maize,2023-02-21,2023-03-22,80,2000,29,36,2784.0,no,50,100000,2023-03-22,97216.0
1814,Customer_1814,customer1814@mail.com,storing,Millet,2023-09-02,2023-11-09,118,2950,68,34,9093.87,yes,53,156350,2023-11-09,147256.13
1334,Customer_1334,customer1334@mail.com,stored,Barley,2023-07-07,2023-12-24,24,600,170,50,6800.0,no,52,31200,2023-12-24,24400.0
1126,Customer_1126,customer1126@mail.com,sold,Rice,2023-05-29,2023-10-25,188,4700,149,26,24277.07,yes,30,141000,2023-10-25,116722.93
1221,Customer_1221,customer1221@mail.com,sold,Millet,2024-07-22,2024-11-03,186,9300,104,38,24502.4,no,48,0,2024-11-03,-24502.4
1748,Customer_1748,customer1748@mail.com,sold,Barley,2024-04-26,2024-05-06,93,4650,10,34,1054.0,no,31,0,2024-05-06,-1054.0
1611,Customer_1611,customer1611@mail.com,stored,Wheat,2023-04-07,2023-06-06,171,4275,60,42,14364.0,partial,33,141075,2023-06-06,126711.0
1119,Customer_1119,customer1119@mail.com,sold,Millet,2023-07-19,2023-08-02,132,6600,14,37,2279.2,no,27,0,2023-08-02,-2279.2
871,Customer_871,customer871@mail.com,storing,Maize,2023-04-12,2023-05-27,113,5650,45,32,5424.0,partial,35,0,2023-05-27,-5424.0
253,Customer_253,customer253@mail.com,storing,Maize,2023-09-26,2023-11-01,34,850,36,42,1713.6,partial,43,0,2023-11-01,-1713.6
1932,Customer_1932,customer1932@mail.com,storing,Rice,2023-04-17,2023-06-21,98,2450,65,46,9767.33,yes,47,0,2023-06-21,-9767.33
1205,Customer_1205,customer1205@mail.com,storing,Sorghum,2024-05-28,2024-07-11,159,3975,44,44,10260.8,yes,34,0,2024-07-11,-10260.8
85,Customer_85,customer85@mail.com,stored,Maize,2024-02-01,2024-04-28,167,4175,87,58,28089.4,partial,38,0,2024-04-28,-28089.4
992,Customer_992,customer992@mail.com,stored,Maize,2024-05-29,2024-11-15,102,2550,170,24,13872.0,no,34,0,2024-11-15,-13872.0
1794,Customer_1794,customer1794@mail.com,sold,Rice,2023-07-31,2023-12-28,63,3150,150,43,13545.0,partial,51,0,2023-12-28,-13545.0
1057,Customer_1057,customer1057@mail.com,sold,Millet,2023-07-13,2023-12-29,11,550,169,48,2974.4,yes,29,15950,2023-12-29,12975.6
1310,Customer_1310,customer1310@mail.com,storing,Millet,2023-08-25,2023-09-24,45,1125,30,25,1125.0,no,46,51750,2023-09-24,50625.0
70,Customer_70,customer70@mail.com,sold,Millet,2023-07-11,2023-10-19,28,700,100,58,5413.33,yes,34,23800,2023-10-19,18386.67
1181,Customer_1181,customer1181@mail.com,stored,Sorghum,2023-09-22,2024-01-14,113,2825,114,47,20181.8,yes,41,115825,2024-01-14,95643.2
635,Customer_635,customer635@mail.com,storing,Barley,2023-01-23,2023-07-18,186,9300,176,45,49104.0,partial,42,0,2023-07-18,-49104.0
1783,Customer_1783,customer1783@mail.com,storing,Sorghum,2024-07-25,2024-11-05,28,1400,103,23,2211.07,partial,50,0,2024-11-05,-2211.07
713,Customer_713,customer713@mail.com,stored,Barley,2023-11-11,2024-04-12,100,2500,153,46,23460.0,no,34,85000,2024-04-12,61540.0
1982,Customer_1982,customer1982@mail.com,sold,Maize,2023-05-17,2023-10-08,108,5400,144,40,20736.0,no,36,194400,2023-10-08,173664.0
338,Customer_338,customer338@mail.com,storing,Maize,2023-08-20,2023-10-10,81,4050,51,33,4544.1,partial,28,113400,2023-10-10,108855.9
907,Customer_907,customer907@mail.com,storing,Millet,2023-02-06,2023-03-24,74,3700,46,55,6240.67,no,48,177600,2023-03-24,171359.33
1576,Customer_1576,customer1576@mail.com,sold,Millet,2023-06-12,2023-11-08,64,3200,149,41,13032.53,no,26,0,2023-11-08,-13032.53
1170,Customer_1170,customer1170@mail.com,stored,Wheat,2023-04-15,2023-07-01,120,3000,77,34,10472.0,no,47,141000,2023-07-01,130528.0
160,Customer_160,customer160@mail.com,storing,Maize,2024-03-30,2024-06-05,24,600,67,32,1715.2,yes,28,0,2024-06-05,-1715.2
72,Customer_72,customer72@mail.com,stored,Maize,2023-09-12,2024-02-22,36,1800,163,29,5672.4,no,45,0,2024-02-22,-5672.4
1694,Customer_1694,customer1694@mail.com,stored,Millet,2023-09-24,2024-01-14,48,2400,112,22,3942.4,yes,46,0,2024-01-14,-3942.4
1337,Customer_1337,customer1337@mail.com,sold,Wheat,2023-02-17,2023-06-30,114,5700,133,23,11624.2,no,28,0,2023-06-30,-11624.2
870,Customer_870,customer870@mail.com,stored,Maize,2024-01-22,2024-02-29,61,1525,38,36,2781.6,yes,34,0,2024-02-29,-2781.6
1762,Customer_1762,customer1762@mail.com,stored,Wheat,2024-06-06,2024-11-03,90,2250,150,43,19350.0,yes,39,87750,2024-11-03,68400.0
537,Customer_537,customer537@mail.com,storing,Wheat,2023-01-06,2023-05-24,55,2750,138,22,5566.0,yes,31,85250,2023-05-24,79684.0
522,Customer_522,customer522@mail.com,stored,Rice,2023-01-10,2023-03-21,124,6200,70,56,16202.67,no,53,0,2023-03-21,-16202.67
1028,Customer_1028,customer1028@mail.com,stored,Rice,2024-07-25,2024-10-08,102,5100,75,31,7905.0,yes,26,132600,2024-10-08,124695.0
448,Customer_448,customer448@mail.com,stored,Sorghum,2023-07-29,2023-09-15,137,6850,48,21,4603.2,no,27,184950,2023-09-15,180346.8
1273,Customer_1273,customer1273@mail.com,sold,Wheat,2023-09-27,2023-11-13,51,1275,47,29,2317.1,no,38,48450,2023-11-13,46132.9
1376,Customer_1376,customer1376@mail.com,sold,Millet,2024-07-19,2024-11-17,122,3050,121,49,24111.27,no,47,0,2024-11-17,-24111.27
544,Customer_544,customer544@mail.com,storing,Maize,2024-05-30,2024-10-15,152,3800,138,25,17480.0,no,25,95000,2024-10-15,77520.0
1775,Customer_1775,customer1775@mail.com,stored,Millet,2023-02-16,2023-04-15,99,4950,58,20,3828.0,yes,47,0,2023-04-15,-3828.0
1816,Customer_1816,customer1816@mail.com,sold,Wheat,2024-04-13,2024-10-08,79,1975,178,38,17811.87,yes,52,102700,2024-10-08,84888.13
1238,Customer_1238,customer1238@mail.com,stored,Sorghum,2023-06-26,2023-11-05,114,5700,132,47,23575.2,no,46,262200,2023-11-05,238624.8
815,Customer_815,customer815@mail.com,stored,Barley,2024-05-04,2024-10-26,60,1500,175,59,20650.0,no,39,0,2024-10-26,-20650.0
1473,Customer_1473,customer1473@mail.com,stored,Millet,2024-04-06,2024-09-15,16,800,162,30,2592.0,yes,36,28800,2024-09-15,26208.0
1646,Customer_1646,customer1646@mail.com,stored,Rice,2023-06-30,2023-07-13,159,7950,13,42,2893.8,yes,38,0,2023-07-13,-2893.8
1445,Customer_1445,customer1445@mail.com,sold,Millet,2023-09-24,2023-11-08,75,3750,45,40,4500.0,partial,38,0,2023-11-08,-4500.0
117,Customer_117,customer117@mail.com,stored,Barley,2023-04-17,2023-09-04,45,1125,140,56,11760.0,partial,55,0,2023-09-04,-11760.0
1500,Customer_1500,customer1500@mail.com,sold,Millet,2024-06-17,2024-08-26,148,3700,70,21,7252.0,no,34,125800,2024-08-26,118548.0
1282,Customer_1282,customer1282@mail.com,stored,Millet,2023-03-23,2023-08-23,49,1225,153,33,8246.7,partial,29,0,2023-08-23,-8246.7
194,Customer_194,customer194@mail.com,stored,Sorghum,2024-06-05,2024-11-10,58,1450,158,50,15273.33,no,41,0,2024-11-10,-15273.33
860,Customer_860,customer860@mail.com,storing,Sorghum,2024-03-06,2024-04-17,23,575,42,27,869.4,no,53,0,2024-04-17,-869.4
1189,Customer_1189,customer1189@mail.com,stored,Wheat,2023-05-09,2023-10-20,33,825,164,59,10643.6,no,52,0,2023-10-20,-10643.6
1612,Customer_1612,customer1612@mail.com,storing,Millet,2024-01-24,2024-04-19,164,4100,86,42,19745.6,partial,52,213200,2024-04-19,193454.4
364,Customer_364,customer364@mail.com,storing,Barley,2023-02-18,2023-04-26,44,2200,67,27,2653.2,yes,26,0,2023-04-26,-2653.2
1387,Customer_1387,customer1387@mail.com,sold,Wheat,2023-07-25,2023-12-07,14,700,135,36,2268.0,partial,39,0,2023-12-07,-2268.0
1872,Customer_1872,customer1872@mail.com,stored,Rice,2023-04-01,2023-07-27,34,850,117,39,5171.4,yes,39,33150,2023-07-27,27978.6
861,Customer_861,customer861@mail.com,sold,Millet,2024-08-05,2024-11-02,137,3425,89,25,10160.83,yes,46,157550,2024-11-02,147389.17
1975,Customer_1975,customer1975@mail.com,sold,Millet,2023-09-28,2023-12-07,16,400,70,36,1344.0,partial,39,15600,2023-12-07,14256.0
781,Customer_781,customer781@mail.com,storing,Wheat,2024-03-07,2024-03-22,48,2400,15,53,1272.0,yes,43,103200,2024-03-22,101928.0
1315,Customer_1315,customer1315@mail.com,stored,Rice,2023-10-17,2024-01-06,173,4325,81,59,27558.9,partial,44,190300,2024-01-06,162741.1
1830,Customer_1830,customer1830@mail.com,sold,Maize,2023-01-26,2023-06-01,187,9350,126,31,24347.4,no,26,243100,2023-06-01,218752.6
737,Customer_737,customer737@mail.com,stored,Wheat,2024-07-21,2024-10-07,80,4000,78,20,4160.0,no,29,116000,2024-10-07,111840.0
950,Customer_950,customer950@mail.com,storing,Maize,2024-05-25,2024-07-02,40,2000,38,35,1773.33,yes,51,0,2024-07-02,-1773.33
532,Customer_532,customer532@mail.com,sold,Barley,2023-06-22,2023-07-31,91,2275,39,37,4377.1,yes,46,104650,2023-07-31,100272.9
611,Customer_611,customer611@mail.com,storing,Millet,2023-06-15,2023-10-20,27,1350,127,51,5829.3,partial,39,0,2023-10-20,-5829.3
758,Customer_758,customer758@mail.com,storing,Millet,2023-06-06,2023-09-02,164,4100,88,24,11545.6,partial,37,0,2023-09-02,-11545.6
1691,Customer_1691,customer1691@mail.com,sold,Barley,2024-02-17,2024-05-28,165,4125,101,48,26664.0,no,42,173250,2024-05-28,146586.0
1549,Customer_1549,customer1549@mail.com,sold,Wheat,2023-08-26,2023-11-13,87,2175,79,35,8018.5,yes,36,78300,2023-11-13,70281.5
296,Customer_296,customer296@mail.com,sold,Millet,2024-02-11,2024-07-23,97,2425,163,32,16865.07,partial,26,0,2024-07-23,-16865.07
611,Customer_611,customer611@mail.com,sold,Maize,2023-07-28,2023-09-15,176,8800,49,26,7474.13,no,38,334400,2023-09-15,326925.87
1117,Customer_1117,customer1117@mail.com,sold,Maize,2023-12-21,2024-03-02,105,5250,72,50,12600.0,no,44,0,2024-03-02,-12600.0
867,Customer_867,customer867@mail.com,storing,Millet,2024-04-09,2024-09-05,70,3500,149,57,19817.0,partial,42,0,2024-09-05,-19817.0
961,Customer_961,customer961@mail.com,sold,Maize,2024-04-02,2024-04-24,103,5150,22,22,1661.73,yes,47,0,2024-04-24,-1661.73
1959,Customer_1959,customer1959@mail.com,sold,Sorghum,2023-12-25,2024-05-30,75,3750,157,48,18840.0,no,53,198750,2024-05-30,179910.0
1562,Customer_1562,customer1562@mail.com,storing,Millet,2024-08-22,2024-09-07,106,2650,16,40,2261.33,yes,35,92750,2024-09-07,90488.67
1147,Customer_1147,customer1147@mail.com,stored,Wheat,2024-07-17,2024-12-18,32,800,154,26,4270.93,yes,47,37600,2024-12-18,33329.07
1210,Customer_1210,customer1210@mail.com,storing,Rice,2023-12-18,2024-04-07,147,7350,111,42,22843.8,no,36,0,2024-04-07,-22843.8
994,Customer_994,customer994@mail.com,storing,Maize,2023-06-17,2023-10-01,122,3050,106,23,9914.53,no,41,0,2023-10-01,-9914.53
117,Customer_117,customer117@mail.com,sold,Sorghum,2023-03-04,2023-05-31,100,5000,88,53,15546.67,yes,47,235000,2023-05-31,219453.33
1628,Customer_1628,customer1628@mail.com,stored,Millet,2024-03-09,2024-05-06,97,2425,58,38,7126.27,no,25,60625,2024-05-06,53498.73
279,Customer_279,customer279@mail.com,storing,Wheat,2023-11-05,2024-03-07,70,3500,123,33,9471.0,no,30,0,2024-03-07,-9471.0
532,Customer_532,customer532@mail.com,stored,Millet,2023-03-02,2023-06-13,67,1675,103,59,13571.97,yes,50,0,2023-06-13,-13571.97
1244,Customer_1244,customer1244@mail.com,storing,Barley,2023-11-17,2023-12-09,85,2125,22,54,3366.0,no,33,0,2023-12-09,-3366.0
1301,Customer_1301,customer1301@mail.com,stored,Barley,2023-04-12,2023-09-21,47,1175,162,46,11674.8,no,35,0,2023-09-21,-11674.8
890,Customer_890,customer890@mail.com,storing,Millet,2023-06-13,2023-09-16,119,2975,95,52,19595.33,yes,42,124950,2023-09-16,105354.67
1404,Customer_1404,customer1404@mail.com,storing,Barley,2024-01-01,2024-06-23,13,325,174,56,4222.4,no,26,0,2024-06-23,-4222.4
1266,Customer_1266,customer1266@mail.com,stored,Barley,2024-06-27,2024-10-03,39,975,98,21,2675.4,no,53,0,2024-10-03,-2675.4
1545,Customer_1545,customer1545@mail.com,storing,Rice,2023-02-28,2023-05-18,30,750,79,31,2449.0,partial,33,24750,2023-05-18,22301.0
1117,Customer_1117,customer1117@mail.com,storing,Maize,2023-03-03,2023-07-31,126,6300,150,22,13860.0,yes,35,220500,2023-07-31,206640.0
1534,Customer_1534,customer1534@mail.com,stored,Sorghum,2023-06-16,2023-09-28,163,8150,104,39,22037.6,yes,38,309700,2023-09-28,287662.4
1243,Customer_1243,customer1243@mail.com,storing,Sorghum,2024-07-03,2024-08-27,52,1300,55,42,4004.0,no,32,0,2024-08-27,-4004.0
119,Customer_119,customer119@mail.com,sold,Barley,2024-03-15,2024-05-16,137,6850,62,57,16138.6,partial,41,0,2024-05-16,-16138.6
299,Customer_299,customer299@mail.com,sold,Maize,2024-08-08,2024-12-30,147,7350,144,49,34574.4,yes,27,0,2024-12-30,-34574.4
1754,Customer_1754,customer1754@mail.com,stored,Sorghum,2023-02-22,2023-04-29,113,2825,66,48,11932.8,partial,41,115825,2023-04-29,103892.2
1651,Customer_1651,customer1651@mail.com,stored,Sorghum,2024-05-20,2024-08-14,118,2950,86,53,17928.13,no,43,126850,2024-08-14,108921.87
1790,Customer_1790,customer1790@mail.com,storing,Wheat,2023-07-21,2023-08-08,167,4175,18,40,4008.0,partial,48,0,2023-08-08,-4008.0
983,Customer_983,customer983@mail.com,stored,Millet,2024-04-05,2024-06-15,71,3550,71,37,6217.23,no,28,99400,2024-06-15,93182.77
1451,Customer_1451,customer1451@mail.com,sold,Barley,2023-12-02,2024-05-08,127,6350,158,54,36118.8,partial,52,0,2024-05-08,-36118.8
1464,Customer_1464,customer1464@mail.com,stored,Wheat,2024-07-28,2024-12-01,117,2925,126,31,15233.4,no,39,0,2024-12-01,-15233.4
136,Customer_136,customer136@mail.com,storing,Millet,2023-03-14,2023-06-09,113,2825,87,40,13108.0,yes,46,0,2023-06-09,-13108.0
1191,Customer_1191,customer1191@mail.com,sold,Sorghum,2024-03-26,2024-06-23,123,6150,89,54,19704.6,yes,26,0,2024-06-23,-19704.6
476,Customer_476,customer476@mail.com,sold,Wheat,2024-07-04,2024-09-07,39,975,65,49,4140.5,no,55,53625,2024-09-07,49484.5
1106,Customer_1106,customer1106@mail.com,stored,Rice,2023-10-22,2024-03-03,66,3300,133,49,14337.4,partial,34,0,2024-03-03,-14337.4
41,Customer_41,customer41@mail.com,storing,Maize,2023-03-23,2023-06-03,141,3525,72,55,18612.0,yes,30,105750,2023-06-03,87138.0
219,Customer_219,customer219@mail.com,sold,Sorghum,2024-06-01,2024-08-16,132,6600,76,53,17723.2,partial,52,343200,2024-08-16,325476.8
1701,Customer_1701,customer1701@mail.com,storing,Wheat,2023-10-06,2024-04-03,140,3500,180,33,27720.0,partial,31,0,2024-04-03,-27720.0
245,Customer_245,customer245@mail.com,storing,Rice,2024-01-20,2024-05-30,116,2900,131,60,30392.0,no,45,130500,2024-05-30,100108.0
533,Customer_533,customer533@mail.com,stored,Millet,2024-05-18,2024-09-12,159,7950,117,34,21083.4,partial,30,238500,2024-09-12,217416.6
1773,Customer_1773,customer1773@mail.com,sold,Rice,2023-06-13,2023-08-26,178,8900,74,51,22392.4,yes,44,0,2023-08-26,-22392.4
1752,Customer_1752,customer1752@mail.com,storing,Wheat,2023-01-15,2023-03-17,55,2750,61,46,5144.33,no,48,0,2023-03-17,-5144.33
655,Customer_655,customer655@mail.com,sold,Sorghum,2023-02-23,2023-06-22,15,750,119,54,3213.0,no,50,0,2023-06-22,-3213.0
1347,Customer_1347,customer1347@mail.com,sold,Wheat,2023-04-26,2023-05-07,61,1525,11,42,939.4,partial,30,0,2023-05-07,-939.4
1630,Customer_1630,customer1630@mail.com,storing,Wheat,2023-07-18,2023-09-23,78,1950,67,22,3832.4,no,49,0,2023-09-23,-3832.4
822,Customer_822,customer822@mail.com,stored,Maize,2023-02-11,2023-07-12,96,4800,151,47,22710.4,no,26,0,2023-07-12,-22710.4
1282,Customer_1282,customer1282@mail.com,stored,Barley,2024-05-29,2024-07-05,86,2150,37,32,3394.13,no,38,81700,2024-07-05,78305.87
1562,Customer_1562,customer1562@mail.com,storing,Sorghum,2024-05-25,2024-11-17,61,3050,176,40,14314.67,no,44,0,2024-11-17,-14314.67
836,Customer_836,customer836@mail.com,sold,Sorghum,2024-01-30,2024-07-24,29,725,176,54,9187.2,no,31,0,2024-07-24,-9187.2
1098,Customer_1098,customer1098@mail.com,stored,Wheat,2023-11-10,2024-03-09,17,425,120,53,3604.0,no,38,0,2024-03-09,-3604.0
746,Customer_746,customer746@mail.com,storing,Maize,2023-02-09,2023-07-06,128,3200,147,50,31360.0,no,54,0,2023-07-06,-31360.0
1216,Customer_1216,customer1216@mail.com,stored,Wheat,2024-01-16,2024-04-25,116,5800,100,42,16240.0,no,28,0,2024-04-25,-16240.0
1495,Customer_1495,customer1495@mail.com,sold,Sorghum,2024-01-11,2024-03-02,161,8050,51,52,14232.4,no,53,0,2024-03-02,-14232.4
481,Customer_481,customer481@mail.com,storing,Wheat,2023-08-26,2023-09-15,169,4225,20,40,4506.67,yes,51,0,2023-09-15,-4506.67
80,Customer_80,customer80@mail.com,sold,Rice,2023-11-16,2024-04-09,184,4600,145,44,39130.67,partial,30,138000,2024-04-09,98869.33
268,Customer_268,customer268@mail.com,sold,Barley,2023-07-14,2023-11-17,156,7800,126,30,19656.0,no,39,0,2023-11-17,-19656.0
1327,Customer_1327,customer1327@mail.com,sold,Barley,2024-04-14,2024-05-05,106,5300,21,57,4229.4,yes,30,159000,2024-05-05,154770.6
1655,Customer_1655,customer1655@mail.com,storing,Sorghum,2023-03-14,2023-09-04,53,2650,174,20,6148.0,partial,27,0,2023-09-04,-6148.0
1334,Customer_1334,customer1334@mail.com,stored,Rice,2023-06-11,2023-12-06,166,4150,178,26,25608.27,yes,51,0,2023-12-06,-25608.27
751,Customer_751,customer751@mail.com,stored,Maize,2024-04-22,2024-07-27,149,3725,96,26,12396.8,partial,25,93125,2024-07-27,80728.2
1732,Customer_1732,customer1732@mail.com,stored,Sorghum,2023-05-28,2023-08-03,81,4050,67,42,7597.8,yes,50,0,2023-08-03,-7597.8
1284,Customer_1284,customer1284@mail.com,storing,Wheat,2023-10-26,2023-11-24,197,4925,29,57,10854.7,partial,48,236400,2023-11-24,225545.3
1109,Customer_1109,customer1109@mail.com,stored,Sorghum,2024-04-21,2024-05-07,178,8900,16,60,5696.0,no,36,320400,2024-05-07,314704.0
984,Customer_984,customer984@mail.com,stored,Millet,2023-04-24,2023-07-05,35,875,72,36,3024.0,no,53,0,2023-07-05,-3024.0
622,Customer_622,customer622@mail.com,sold,Millet,2023-08-06,2023-10-15,23,575,70,34,1824.67,no,28,16100,2023-10-15,14275.33
1680,Customer_1680,customer1680@mail.com,sold,Millet,2023-12-16,2024-03-07,140,7000,82,21,8036.0,yes,46,322000,2024-03-07,313964.0
1656,Customer_1656,customer1656@mail.com,stored,Millet,2023-06-09,2023-08-20,62,1550,72,58,8630.4,partial,44,0,2023-08-20,-8630.4
1685,Customer_1685,customer1685@mail.com,storing,Rice,2024-08-11,2025-02-05,165,8250,178,53,51887.0,yes,45,371250,2025-02-05,319363.0
1642,Customer_1642,customer1642@mail.com,stored,Wheat,2024-02-24,2024-05-26,93,2325,92,32,9126.4,no,55,127875,2024-05-26,118748.6
1490,Customer_1490,customer1490@mail.com,storing,Maize,2023-09-27,2024-02-05,54,1350,131,53,12497.4,no,27,36450,2024-02-05,23952.6
294,Customer_294,customer294@mail.com,storing,Wheat,2023-10-20,2024-01-10,131,3275,82,44,15754.93,no,29,0,2024-01-10,-15754.93
1799,Customer_1799,customer1799@mail.com,stored,Barley,2023-09-10,2023-09-26,83,4150,16,23,1018.13,yes,39,0,2023-09-26,-1018.13
35,Customer_35,customer35@mail.com,storing,Sorghum,2023-08-06,2023-08-16,21,525,10,55,385.0,no,36,0,2023-08-16,-385.0
972,Customer_972,customer972@mail.com,storing,Barley,2024-02-11,2024-04-30,84,2100,79,43,9511.6,no,42,88200,2024-04-30,78688.4
726,Customer_726,customer726@mail.com,stored,Sorghum,2023-12-26,2024-05-04,199,4975,130,40,34493.33,partial,38,189050,2024-05-04,154556.67
110,Customer_110,customer110@mail.com,sold,Millet,2024-04-23,2024-09-04,169,4225,134,34,25665.47,partial,45,0,2024-09-04,-25665.47
1483,Customer_1483,customer1483@mail.com,sold,Wheat,2023-09-07,2023-11-22,155,7750,76,45,17670.0,no,53,410750,2023-11-22,393080.0
885,Customer_885,customer885@mail.com,sold,Millet,2024-06-07,2024-11-30,192,4800,176,28,31539.2,yes,55,0,2024-11-30,-31539.2
1347,Customer_1347,customer1347@mail.com,storing,Maize,2024-04-12,2024-06-15,15,750,64,54,1728.0,partial,35,26250,2024-06-15,24522.0
24,Customer_24,customer24@mail.com,storing,Sorghum,2024-04-10,2024-07-16,82,4100,97,36,9544.8,yes,26,106600,2024-07-16,97055.2
1325,Customer_1325,customer1325@mail.com,sold,Wheat,2023-03-22,2023-04-15,10,500,24,44,352.0,no,33,16500,2023-04-15,16148.0
1576,Customer_1576,customer1576@mail.com,storing,Millet,2024-04-01,2024-08-11,100,2500,132,29,12760.0,yes,50,0,2024-08-11,-12760.0
1462,Customer_1462,customer1462@mail.com,stored,Barley,2023-09-21,2023-10-15,118,5900,24,23,2171.2,partial,53,0,2023-10-15,-2171.2
772,Customer_772,customer772@mail.com,stored,Millet,2023-10-13,2023-11-24,136,3400,42,60,11424.0,no,52,176800,2023-11-24,165376.0
524,Customer_524,customer524@mail.com,storing,Wheat,2024-03-03,2024-04-12,124,6200,40,58,9589.33,yes,55,341000,2024-04-12,331410.67
344,Customer_344,customer344@mail.com,stored,Rice,2023-04-20,2023-10-07,26,650,170,36,5304.0,no,43,27950,2023-10-07,22646.0
871,Customer_871,customer871@mail.com,stored,Sorghum,2024-02-27,2024-04-01,58,2900,34,49,3220.93,no,51,0,2024-04-01,-3220.93
1803,Customer_1803,customer1803@mail.com,storing,Sorghum,2023-02-24,2023-05-16,54,2700,81,34,4957.2,no,51,0,2023-05-16,-4957.2
539,Customer_539,customer539@mail.com,stored,Millet,2024-08-12,2024-10-16,59,2950,65,29,3707.17,yes,40,118000,2024-10-16,114292.83
964,Customer_964,customer964@mail.com,stored,Barley,2024-05-14,2024-10-17,170,8500,156,39,34476.0,yes,54,0,2024-10-17,-34476.0
582,Customer_582,customer582@mail.com,storing,Wheat,2023-01-25,2023-04-25,28,700,90,47,3948.0,no,51,0,2023-04-25,-3948.0
465,Customer_465,customer465@mail.com,stored,Rice,2024-07-20,2024-09-27,60,3000,69,45,6210.0,no,25,75000,2024-09-27,68790.0
955,Customer_955,customer955@mail.com,storing,Barley,2023-10-23,2024-02-12,76,1900,112,60,17024.0,no,31,58900,2024-02-12,41876.0
425,Customer_425,customer425@mail.com,storing,Maize,2023-04-10,2023-09-05,104,5200,148,42,21548.8,partial,38,0,2023-09-05,-21548.8
1434,Customer_1434,customer1434@mail.com,sold,Rice,2024-07-24,2024-11-11,133,6650,110,41,19994.33,yes,32,0,2024-11-11,-19994.33
1172,Customer_1172,customer1172@mail.com,stored,Barley,2024-01-11,2024-05-27,193,4825,137,35,30847.83,no,46,221950,2024-05-27,191102.17
708,Customer_708,customer708@mail.com,sold,Sorghum,2023-08-14,2024-01-01,14,700,140,49,3201.33,no,28,0,2024-01-01,-3201.33
168,Customer_168,customer168@mail.com,sold,Wheat,2023-10-15,2024-04-02,120,3000,170,52,35360.0,no,42,126000,2024-04-02,90640.0
634,Customer_634,customer634@mail.com,storing,Wheat,2023-02-26,2023-04-22,176,8800,55,56,18069.33,no,50,0,2023-04-22,-18069.33
1652,Customer_1652,customer1652@mail.com,storing,Rice,2023-11-21,2024-05-06,40,1000,167,33,7348.0,no,36,36000,2024-05-06,28652.0
1906,Customer_1906,customer1906@mail.com,storing,Sorghum,2023-12-15,2024-02-26,137,3425,73,38,12667.93,yes,46,0,2024-02-26,-12667.93
44,Customer_44,customer44@mail.com,storing,Maize,2024-06-05,2024-10-30,91,2275,147,28,12485.2,no,53,120575,2024-10-30,108089.8
776,Customer_776,customer776@mail.com,storing,Sorghum,2023-02-24,2023-06-26,175,4375,122,34,24196.67,yes,54,236250,2023-06-26,212053.33
1662,Customer_1662,customer1662@mail.com,storing,Rice,2024-08-21,2024-12-01,200,10000,102,21,14280.0,no,36,360000,2024-12-01,345720.0
629,Customer_629,customer629@mail.com,storing,Maize,2023-11-19,2023-12-27,123,3075,38,46,7166.8,yes,41,126075,2023-12-27,118908.2
1777,Customer_1777,customer1777@mail.com,storing,Wheat,2023-10-01,2024-02-18,34,1700,140,41,6505.33,no,39,66300,2024-02-18,59794.67
1647,Customer_1647,customer1647@mail.com,storing,Rice,2024-01-02,2024-01-14,76,1900,12,57,1732.8,partial,48,0,2024-01-14,-1732.8
548,Customer_548,customer548@mail.com,storing,Wheat,2024-08-07,2024-11-10,57,1425,95,60,10830.0,no,52,74100,2024-11-10,63270.0
304,Customer_304,customer304@mail.com,stored,Barley,2023-01-31,2023-07-28,146,7300,178,44,38115.73,yes,52,0,2023-07-28,-38115.73
1181,Customer_1181,customer1181@mail.com,stored,Rice,2023-07-24,2023-12-28,123,3075,157,57,36690.9,partial,28,0,2023-12-28,-36690.9
1824,Customer_1824,customer1824@mail.com,storing,Millet,2023-01-27,2023-02-21,94,2350,25,23,1801.67,yes,47,0,2023-02-21,-1801.67
1120,Customer_1120,customer1120@mail.com,storing,Millet,2024-03-26,2024-05-01,50,1250,36,30,1800.0,no,34,42500,2024-05-01,40700.0
1749,Customer_1749,customer1749@mail.com,stored,Sorghum,2024-06-16,2024-08-04,43,2150,49,49,3441.43,no,50,107500,2024-08-04,104058.57
709,Customer_709,customer709@mail.com,stored,Maize,2023-11-24,2024-03-09,105,5250,106,23,8533.0,partial,35,0,2024-03-09,-8533.0
1933,Customer_1933,customer1933@mail.com,stored,Maize,2024-06-18,2024-07-24,105,5250,36,29,3654.0,no,48,0,2024-07-24,-3654.0
292,Customer_292,customer292@mail.com,sold,Millet,2023-07-21,2023-10-06,164,4100,77,59,24835.07,no,43,176300,2023-10-06,151464.93
1155,Customer_1155,customer1155@mail.com,storing,Rice,2023-10-07,2023-11-05,32,1600,29,48,1484.8,yes,54,86400,2023-11-05,84915.2
909,Customer_909,customer909@mail.com,sold,Wheat,2024-04-21,2024-07-19,200,10000,89,39,23140.0,yes,37,370000,2024-07-19,346860.0
224,Customer_224,customer224@mail.com,stored,Sorghum,2023-11-11,2024-03-20,93,2325,130,37,14911.0,yes,50,0,2024-03-20,-14911.0
470,Customer_470,customer470@mail.com,sold,Barley,2023-01-05,2023-02-10,194,9700,36,28,6518.4,partial,38,368600,2023-02-10,362081.6
610,Customer_610,customer610@mail.com,sold,Barley,2024-04-26,2024-06-28,115,2875,63,39,9418.5,partial,30,86250,2024-06-28,76831.5
364,Customer_364,customer364@mail.com,stored,Sorghum,2024-04-06,2024-07-28,155,7750,113,20,11676.67,no,29,224750,2024-07-28,213073.33
1184,Customer_1184,customer1184@mail.com,stored,Barley,2024-03-08,2024-07-20,129,3225,134,20,11524.0,no,50,0,2024-07-20,-11524.0
1044,Customer_1044,customer1044@mail.com,sold,Millet,2023-05-13,2023-10-23,185,4625,163,36,36186.0,partial,37,171125,2023-10-23,134939.0
145,Customer_145,customer145@mail.com,sold,Wheat,2023-09-12,2023-12-11,67,1675,90,49,9849.0,yes,33,0,2023-12-11,-9849.0
614,Customer_614,customer614@mail.com,storing,Maize,2024-02-10,2024-04-06,104,2600,56,47,9124.27,yes,51,132600,2024-04-06,123475.73
544,Customer_544,customer544@mail.com,stored,Millet,2023-08-30,2024-01-01,176,8800,124,25,18186.67,partial,45,0,2024-01-01,-18186.67
1674,Customer_1674,customer1674@mail.com,stored,Millet,2023-06-08,2023-10-12,110,2750,126,42,19404.0,partial,51,0,2023-10-12,-19404.0
1875,Customer_1875,customer1875@mail.com,stored,Wheat,2024-03-19,2024-07-23,79,1975,126,42,13935.6,yes,47,0,2024-07-23,-13935.6
608,Customer_608,customer608@mail.com,storing,Barley,2024-06-29,2024-11-28,129,6450,152,52,33987.2,partial,48,309600,2024-11-28,275612.8
531,Customer_531,customer531@mail.com,sold,Millet,2023-08-08,2023-12-08,68,3400,122,26,7189.87,partial,42,142800,2023-12-08,135610.13
1169,Customer_1169,customer1169@mail.com,sold,Rice,2023-09-30,2024-02-18,17,425,141,60,4794.0,partial,41,17425,2024-02-18,12631.0
658,Customer_658,customer658@mail.com,stored,Maize,2023-05-23,2023-08-22,127,6350,91,60,23114.0,yes,44,0,2023-08-22,-23114.0
87,Customer_87,customer87@mail.com,sold,Maize,2024-05-31,2024-11-02,59,1475,155,30,9145.0,yes,55,0,2024-11-02,-9145.0
380,Customer_380,customer380@mail.com,stored,Sorghum,2024-02-19,2024-04-12,55,1375,53,35,3400.83,no,27,0,2024-04-12,-3400.83
791,Customer_791,customer791@mail.com,storing,Maize,2024-01-22,2024-04-27,58,2900,96,24,4454.4,yes,50,145000,2024-04-27,140545.6
464,Customer_464,customer464@mail.com,sold,Rice,2023-12-31,2024-03-29,51,2550,89,38,5749.4,partial,33,0,2024-03-29,-5749.4
696,Customer_696,customer696@mail.com,stored,Wheat,2024-04-14,2024-07-07,194,9700,84,26,14123.2,yes,49,0,2024-07-07,-14123.2
996,Customer_996,customer996@mail.com,stored,Rice,2023-04-06,2023-08-06,197,9850,122,51,40857.8,partial,36,0,2023-08-06,-40857.8
86,Customer_86,customer86@mail.com,storing,Maize,2023-02-10,2023-05-09,164,4100,88,59,28382.93,partial,34,0,2023-05-09,-28382.93
1596,Customer_1596,customer1596@mail.com,stored,Wheat,2024-03-18,2024-03-30,149,3725,12,53,3158.8,partial,55,0,2024-03-30,-3158.8
34,Customer_34,customer34@mail.com,storing,Millet,2023-08-21,2023-09-08,12,300,18,27,194.4,yes,32,0,2023-09-08,-194.4
1131,Customer_1131,customer1131@mail.com,stored,Millet,2024-04-23,2024-08-31,147,7350,130,35,22295.0,partial,40,294000,2024-08-31,271705.0
1891,Customer_1891,customer1891@mail.com,sold,Wheat,2023-10-22,2023-12-02,103,5150,41,39,5489.9,yes,54,0,2023-12-02,-5489.9
1097,Customer_1097,customer1097@mail.com,storing,Sorghum,2024-04-16,2024-09-06,92,4600,143,34,14910.13,partial,29,133400,2024-09-06,118489.87
968,Customer_968,customer968@mail.com,stored,Rice,2024-06-04,2024-11-20,159,7950,169,46,41202.2,no,45,0,2024-11-20,-41202.2
1616,Customer_1616,customer1616@mail.com,storing,Barley,2024-07-30,2024-11-10,104,5200,103,28,9997.87,partial,34,176800,2024-11-10,166802.13
1923,Customer_1923,customer1923@mail.com,storing,Sorghum,2023-03-28,2023-06-15,42,1050,79,58,6414.8,no,41,43050,2023-06-15,36635.2
445,Customer_445,customer445@mail.com,sold,Barley,2024-03-29,2024-04-18,181,9050,20,43,5188.67,no,51,0,2024-04-18,-5188.67
896,Customer_896,customer896@mail.com,stored,Sorghum,2023-04-15,2023-06-03,115,2875,49,32,6010.67,no,52,149500,2023-06-03,143489.33
1481,Customer_1481,customer1481@mail.com,storing,Sorghum,2024-03-19,2024-07-02,147,7350,105,35,18007.5,partial,35,257250,2024-07-02,239242.5
1205,Customer_1205,customer1205@mail.com,sold,Barley,2024-04-01,2024-04-29,63,3150,28,58,3410.4,partial,50,157500,2024-04-29,154089.6
776,Customer_776,customer776@mail.com,stored,Wheat,2023-07-17,2023-09-03,73,1825,48,24,2803.2,yes,38,69350,2023-09-03,66546.8
1248,Customer_1248,customer1248@mail.com,storing,Barley,2023-03-26,2023-07-11,145,7250,107,52,26892.67,no,31,224750,2023-07-11,197857.33
12,Customer_12,customer12@mail.com,sold,Wheat,2023-12-12,2023-12-23,65,1625,11,35,834.17,no,41,0,2023-12-23,-834.17
1909,Customer_1909,customer1909@mail.com,stored,Sorghum,2024-08-05,2025-01-01,44,1100,149,29,6337.47,no,30,33000,2025-01-01,26662.53
991,Customer_991,customer991@mail.com,stored,Millet,2024-05-02,2024-06-21,80,2000,50,22,2933.33,no,31,0,2024-06-21,-2933.33
1162,Customer_1162,customer1162@mail.com,sold,Rice,2024-08-21,2025-01-20,37,925,152,40,7498.67,partial,36,0,2025-01-20,-7498.67
878,Customer_878,customer878@mail.com,sold,Barley,2023-09-25,2023-11-16,191,4775,52,41,13573.73,partial,27,128925,2023-11-16,115351.27
362,Customer_362,customer362@mail.com,stored,Sorghum,2023-05-29,2023-09-23,111,2775,117,46,19913.4,no,34,94350,2023-09-23,74436.6
250,Customer_250,customer250@mail.com,storing,Rice,2024-02-27,2024-05-21,190,9500,84,42,22344.0,yes,40,380000,2024-05-21,357656.0
1017,Customer_1017,customer1017@mail.com,stored,Sorghum,2024-07-12,2024-12-31,12,300,172,32,2201.6,partial,55,0,2024-12-31,-2201.6
1662,Customer_1662,customer1662@mail.com,stored,Maize,2024-07-02,2024-11-23,28,1400,144,32,4300.8,yes,51,71400,2024-11-23,67099.2
1321,Customer_1321,customer1321@mail.com,storing,Maize,2023-04-24,2023-06-03,41,1025,40,41,2241.33,partial,32,0,2023-06-03,-2241.33
41,Customer_41,customer41@mail.com,sold,Barley,2024-05-29,2024-08-20,39,1950,83,47,5071.3,partial,47,0,2024-08-20,-5071.3
913,Customer_913,customer913@mail.com,storing,Millet,2024-05-03,2024-05-19,155,3875,16,31,2562.67,no,35,0,2024-05-19,-2562.67
446,Customer_446,customer446@mail.com,storing,Millet,2024-04-19,2024-05-22,34,850,33,46,1720.4,partial,27,22950,2024-05-22,21229.6
75,Customer_75,customer75@mail.com,storing,Sorghum,2023-02-04,2023-05-03,22,1100,88,21,1355.2,yes,53,0,2023-05-03,-1355.2
1229,Customer_1229,customer1229@mail.com,storing,Rice,2023-09-30,2023-11-16,40,2000,47,31,1942.67,partial,42,0,2023-11-16,-1942.67
455,Customer_455,customer455@mail.com,stored,Maize,2023-06-19,2023-08-28,84,4200,70,50,9800.0,partial,43,0,2023-08-28,-9800.0
1284,Customer_1284,customer1284@mail.com,stored,Barley,2023-09-02,2023-10-27,71,1775,55,28,3644.67,partial,42,0,2023-10-27,-3644.67
813,Customer_813,customer813@mail.com,sold,Millet,2023-11-23,2024-04-01,35,875,130,40,6066.67,yes,31,27125,2024-04-01,21058.33
124,Customer_124,customer124@mail.com,sold,Barley,2023-03-31,2023-07-29,86,2150,120,34,11696.0,no,46,0,2023-07-29,-11696.0
1941,Customer_1941,customer1941@mail.com,sold,Wheat,2023-08-31,2023-10-30,178,4450,60,39,13884.0,partial,33,146850,2023-10-30,132966.0
655,Customer_655,customer655@mail.com,sold,Rice,2024-08-05,2024-11-04,99,4950,91,36,10810.8,yes,41,0,2024-11-04,-10810.8
1868,Customer_1868,customer1868@mail.com,storing,Wheat,2024-08-12,2024-09-23,144,7200,42,46,9273.6,no,46,0,2024-09-23,-9273.6
1870,Customer_1870,customer1870@mail.com,stored,Maize,2024-05-06,2024-09-05,123,3075,122,55,27511.0,no,47,144525,2024-09-05,117014.0
512,Customer_512,customer512@mail.com,stored,Wheat,2023-12-11,2024-03-11,155,3875,91,57,26799.5,no,27,0,2024-03-11,-26799.5
735,Customer_735,customer735@mail.com,stored,Maize,2023-10-09,2024-02-05,166,8300,119,20,13169.33,yes,50,0,2024-02-05,-13169.33
164,Customer_164,customer164@mail.com,stored,Barley,2023-07-08,2023-07-30,90,2250,22,21,1386.0,partial,33,74250,2023-07-30,72864.0
1726,Customer_1726,customer1726@mail.com,storing,Sorghum,2023-03-06,2023-05-20,183,9150,75,49,22417.5,no,55,503250,2023-05-20,480832.5
610,Customer_610,customer610@mail.com,stored,Sorghum,2024-02-26,2024-04-20,195,4875,54,21,7371.0,no,41,199875,2024-04-20,192504.0
751,Customer_751,customer751@mail.com,sold,Maize,2023-06-25,2023-09-13,15,750,80,32,1280.0,partial,28,21000,2023-09-13,19720.0
853,Customer_853,customer853@mail.com,sold,Maize,2023-11-06,2023-11-29,21,1050,23,42,676.2,yes,25,26250,2023-11-29,25573.8
1057,Customer_1057,customer1057@mail.com,storing,Maize,2023-08-17,2023-11-21,79,3950,96,44,11123.2,partial,38,0,2023-11-21,-11123.2
1044,Customer_1044,customer1044@mail.com,sold,Wheat,2023-12-10,2024-01-11,170,4250,32,25,4533.33,partial,39,0,2024-01-11,-4533.33
343,Customer_343,customer343@mail.com,storing,Barley,2024-02-17,2024-03-29,44,2200,41,27,1623.6,yes,25,0,2024-03-29,-1623.6
1647,Customer_1647,customer1647@mail.com,storing,Barley,2024-07-01,2024-12-14,14,700,166,49,3795.87,partial,53,37100,2024-12-14,33304.13
1277,Customer_1277,customer1277@mail.com,stored,Wheat,2023-08-25,2024-02-06,152,7600,165,59,49324.0,no,31,0,2024-02-06,-49324.0
1612,Customer_1612,customer1612@mail.com,storing,Millet,2023-07-14,2023-09-10,101,5050,58,24,4686.4,no,47,0,2023-09-10,-4686.4
1338,Customer_1338,customer1338@mail.com,stored,Millet,2023-01-23,2023-04-25,116,2900,92,24,8537.6,yes,52,150800,2023-04-25,142262.4
1928,Customer_1928,customer1928@mail.com,sold,Millet,2023-02-18,2023-04-25,88,2200,66,41,7937.6,partial,46,101200,2023-04-25,93262.4
1863,Customer_1863,customer1863@mail.com,stored,Millet,2023-02-01,2023-04-03,82,2050,61,57,9503.8,partial,51,104550,2023-04-03,95046.2
1304,Customer_1304,customer1304@mail.com,stored,Sorghum,2024-02-21,2024-03-04,130,6500,12,50,2600.0,yes,39,0,2024-03-04,-2600.0
1538,Customer_1538,customer1538@mail.com,storing,Maize,2023-04-06,2023-09-25,125,6250,172,44,31533.33,partial,51,318750,2023-09-25,287216.67
46,Customer_46,customer46@mail.com,storing,Millet,2023-04-10,2023-08-02,10,500,114,23,874.0,partial,26,0,2023-08-02,-874.0
1945,Customer_1945,customer1945@mail.com,sold,Sorghum,2023-04-15,2023-07-01,25,625,77,59,3785.83,partial,30,18750,2023-07-01,14964.17
1004,Customer_1004,customer1004@mail.com,storing,Wheat,2023-08-22,2023-10-11,164,8200,50,21,5740.0,no,39,319800,2023-10-11,314060.0
975,Customer_975,customer975@mail.com,stored,Barley,2023-01-28,2023-03-07,17,425,38,57,1227.4,yes,27,0,2023-03-07,-1227.4
408,Customer_408,customer408@mail.com,sold,Rice,2023-01-30,2023-06-23,116,5800,144,50,27840.0,partial,32,0,2023-06-23,-27840.0
1651,Customer_1651,customer1651@mail.com,storing,Sorghum,2024-08-15,2025-02-06,125,6250,175,51,37187.5,no,47,293750,2025-02-06,256562.5
1403,Customer_1403,customer1403@mail.com,stored,Barley,2024-08-10,2024-10-20,141,7050,71,32,10678.4,partial,46,0,2024-10-20,-10678.4
1362,Customer_1362,customer1362@mail.com,stored,Maize,2024-03-12,2024-08-26,182,9100,167,53,53696.07,yes,55,500500,2024-08-26,446803.93
787,Customer_787,customer787@mail.com,stored,Barley,2023-03-28,2023-07-29,67,1675,123,55,15108.5,partial,48,80400,2023-07-29,65291.5
1149,Customer_1149,customer1149@mail.com,storing,Maize,2023-03-26,2023-06-21,173,4325,87,40,20068.0,partial,39,168675,2023-06-21,148607.0
680,Customer_680,customer680@mail.com,storing,Barley,2023-10-03,2023-10-14,111,5550,11,44,1790.8,partial,50,277500,2023-10-14,275709.2
244,Customer_244,customer244@mail.com,stored,Rice,2023-07-03,2023-09-10,52,1300,69,21,2511.6,no,27,0,2023-09-10,-2511.6
804,Customer_804,customer804@mail.com,storing,Wheat,2023-03-06,2023-08-02,69,1725,149,55,18848.5,yes,38,65550,2023-08-02,46701.5
1163,Customer_1163,customer1163@mail.com,storing,Barley,2023-10-22,2024-04-04,189,9450,165,32,33264.0,yes,44,0,2024-04-04,-33264.0
1452,Customer_1452,customer1452@mail.com,sold,Sorghum,2024-05-21,2024-09-30,167,8350,132,53,38944.4,yes,29,0,2024-09-30,-38944.4
1865,Customer_1865,customer1865@mail.com,storing,Rice,2024-07-06,2024-08-13,91,4550,38,47,5417.53,partial,37,0,2024-08-13,-5417.53
1829,Customer_1829,customer1829@mail.com,storing,Rice,2024-07-09,2024-10-07,190,4750,90,35,19950.0,partial,34,0,2024-10-07,-19950.0
480,Customer_480,customer480@mail.com,sold,Maize,2024-07-13,2024-09-08,195,4875,57,34,12597.0,yes,53,258375,2024-09-08,245778.0
575,Customer_575,customer575@mail.com,sold,Sorghum,2023-01-07,2023-01-30,187,4675,23,49,7024.97,partial,39,182325,2023-01-30,175300.03
583,Customer_583,customer583@mail.com,storing,Barley,2023-06-10,2023-12-04,38,950,177,54,12106.8,partial,42,0,2023-12-04,-12106.8
938,Customer_938,customer938@mail.com,sold,Barley,2023-02-26,2023-05-23,184,9200,86,47,24790.93,yes,44,0,2023-05-23,-24790.93
1796,Customer_1796,customer1796@mail.com,stored,Rice,2024-04-26,2024-08-15,113,5650,111,28,11706.8,no,32,180800,2024-08-15,169093.2
1272,Customer_1272,customer1272@mail.com,sold,Rice,2023-01-27,2023-02-25,133,6650,29,52,6685.47,no,38,252700,2023-02-25,246014.53
612,Customer_612,customer612@mail.com,storing,Barley,2023-01-28,2023-07-27,16,400,180,39,3744.0,yes,29,0,2023-07-27,-3744.0
1122,Customer_1122,customer1122@mail.com,stored,Millet,2023-02-04,2023-08-03,185,4625,180,40,44400.0,partial,49,0,2023-08-03,-44400.0
296,Customer_296,customer296@mail.com,sold,Maize,2023-07-16,2023-08-21,134,3350,36,26,4180.8,no,27,0,2023-08-21,-4180.8
21,Customer_21,customer21@mail.com,stored,Sorghum,2024-08-15,2025-02-07,45,1125,176,20,5280.0,yes,46,0,2025-02-07,-5280.0
786,Customer_786,customer786@mail.com,storing,Maize,2024-04-17,2024-08-09,113,2825,114,53,22758.2,yes,40,113000,2024-08-09,90241.8
1217,Customer_1217,customer1217@mail.com,sold,Barley,2023-05-12,2023-08-10,130,3250,90,41,15990.0,no,44,143000,2023-08-10,127010.0
455,Customer_455,customer455@mail.com,sold,Barley,2024-05-05,2024-06-26,157,7850,52,30,8164.0,no,25,196250,2024-06-26,188086.0
754,Customer_754,customer754@mail.com,stored,Rice,2023-05-07,2023-07-22,12,300,76,37,1124.8,no,54,0,2023-07-22,-1124.8
433,Customer_433,customer433@mail.com,storing,Barley,2024-03-12,2024-06-16,165,4125,96,58,30624.0,no,48,0,2024-06-16,-30624.0
1514,Customer_1514,customer1514@mail.com,sold,Rice,2024-01-31,2024-06-16,44,2200,137,56,11252.27,yes,37,0,2024-06-16,-11252.27
850,Customer_850,customer850@mail.com,sold,Barley,2024-01-10,2024-03-12,84,2100,62,49,8506.4,yes,30,0,2024-03-12,-8506.4
605,Customer_605,customer605@mail.com,storing,Maize,2024-04-28,2024-08-06,10,500,100,43,1433.33,yes,42,21000,2024-08-06,19566.67
1871,Customer_1871,customer1871@mail.com,sold,Sorghum,2024-02-23,2024-04-20,120,3000,57,20,4560.0,no,49,147000,2024-04-20,142440.0
1718,Customer_1718,customer1718@mail.com,storing,Sorghum,2023-03-04,2023-08-05,200,5000,154,22,22586.67,yes,49,0,2023-08-05,-22586.67
1490,Customer_1490,customer1490@mail.com,stored,Maize,2023-05-07,2023-05-30,176,4400,23,29,3913.07,no,35,0,2023-05-30,-3913.07
1986,Customer_1986,customer1986@mail.com,sold,Barley,2023-11-06,2024-03-16,68,1700,131,50,14846.67,partial,44,74800,2024-03-16,59953.33
1383,Customer_1383,customer1383@mail.com,storing,Rice,2023-05-21,2023-07-26,143,3575,66,55,17303.0,partial,36,0,2023-07-26,-17303.0
229,Customer_229,customer229@mail.com,sold,Barley,2023-04-03,2023-08-19,31,1550,138,46,6559.6,partial,37,0,2023-08-19,-6559.6
1300,Customer_1300,customer1300@mail.com,storing,Rice,2023-04-13,2023-09-08,26,650,148,57,7311.2,yes,35,0,2023-09-08,-7311.2
1513,Customer_1513,customer1513@mail.com,storing,Sorghum,2023-10-25,2024-01-04,141,3525,71,56,18687.2,yes,54,0,2024-01-04,-18687.2
1451,Customer_1451,customer1451@mail.com,stored,Maize,2023-01-16,2023-03-26,146,3650,69,29,9738.2,no,51,0,2023-03-26,-9738.2
640,Customer_640,customer640@mail.com,storing,Wheat,2024-02-20,2024-06-21,126,3150,122,56,28694.4,yes,40,126000,2024-06-21,97305.6
1198,Customer_1198,customer1198@mail.com,storing,Barley,2023-05-23,2023-07-01,35,1750,39,58,2639.0,yes,47,0,2023-07-01,-2639.0
181,Customer_181,customer181@mail.com,sold,Millet,2023-04-25,2023-06-27,20,500,63,46,1932.0,partial,32,16000,2023-06-27,14068.0
1978,Customer_1978,customer1978@mail.com,storing,Wheat,2024-03-14,2024-05-05,182,9100,52,31,9779.47,yes,31,282100,2024-05-05,272320.53
1797,Customer_1797,customer1797@mail.com,storing,Barley,2024-03-07,2024-04-27,158,3950,51,42,11281.2,no,37,146150,2024-04-27,134868.8
179,Customer_179,customer179@mail.com,storing,Barley,2023-12-13,2024-02-19,40,1000,68,45,4080.0,partial,43,43000,2024-02-19,38920.0
602,Customer_602,customer602@mail.com,sold,Millet,2023-06-13,2023-07-22,151,3775,39,41,8048.3,yes,45,169875,2023-07-22,161826.7
1036,Customer_1036,customer1036@mail.com,storing,Barley,2023-02-24,2023-04-27,152,3800,62,59,18533.87,partial,44,0,2023-04-27,-18533.87
1455,Customer_1455,customer1455@mail.com,stored,Millet,2023-09-20,2023-11-21,40,2000,62,22,1818.67,yes,39,78000,2023-11-21,76181.33
1250,Customer_1250,customer1250@mail.com,storing,Rice,2024-01-12,2024-04-06,141,3525,85,28,11186.0,no,45,158625,2024-04-06,147439.0
1493,Customer_1493,customer1493@mail.com,stored,Millet,2024-07-10,2024-07-27,133,3325,17,52,3919.07,yes,34,0,2024-07-27,-3919.07
224,Customer_224,customer224@mail.com,sold,Maize,2023-02-06,2023-03-16,139,6950,38,56,9859.73,yes,27,0,2023-03-16,-9859.73
1270,Customer_1270,customer1270@mail.com,stored,Sorghum,2024-03-29,2024-05-25,160,8000,57,33,10032.0,yes,25,0,2024-05-25,-10032.0
1414,Customer_1414,customer1414@mail.com,sold,Maize,2023-03-08,2023-06-03,126,3150,87,37,13519.8,yes,51,0,2023-06-03,-13519.8
642,Customer_642,customer642@mail.com,stored,Maize,2024-06-10,2024-08-06,25,625,57,38,1805.0,no,44,27500,2024-08-06,25695.0
156,Customer_156,customer156@mail.com,sold,Maize,2023-10-08,2024-01-09,166,4150,93,60,30876.0,yes,54,224100,2024-01-09,193224.0
1752,Customer_1752,customer1752@mail.com,stored,Millet,2024-06-02,2024-10-10,19,950,130,24,1976.0,partial,55,52250,2024-10-10,50274.0
1827,Customer_1827,customer1827@mail.com,storing,Maize,2023-04-26,2023-09-03,12,600,130,46,2392.0,partial,52,31200,2023-09-03,28808.0
1718,Customer_1718,customer1718@mail.com,sold,Wheat,2024-05-24,2024-07-06,87,2175,43,47,5860.9,partial,54,0,2024-07-06,-5860.9
545,Customer_545,customer545@mail.com,sold,Maize,2024-05-06,2024-09-07,199,9950,124,49,40304.13,partial,29,0,2024-09-07,-40304.13
1039,Customer_1039,customer1039@mail.com,sold,Barley,2024-01-09,2024-07-05,54,1350,178,33,10573.2,partial,51,0,2024-07-05,-10573.2
1534,Customer_1534,customer1534@mail.com,sold,Rice,2023-05-07,2023-08-13,108,5400,98,33,11642.4,yes,44,0,2023-08-13,-11642.4
657,Customer_657,customer657@mail.com,storing,Wheat,2023-01-03,2023-06-14,80,2000,162,32,13824.0,yes,46,0,2023-06-14,-13824.0
1225,Customer_1225,customer1225@mail.com,storing,Sorghum,2024-01-09,2024-01-26,158,7900,17,52,4655.73,partial,38,300200,2024-01-26,295544.27
129,Customer_129,customer129@mail.com,storing,Millet,2024-03-07,2024-06-07,150,3750,92,43,19780.0,partial,54,202500,2024-06-07,182720.0
609,Customer_609,customer609@mail.com,stored,Maize,2023-12-27,2024-03-30,102,2550,94,35,11186.0,no,54,0,2024-03-30,-11186.0
683,Customer_683,customer683@mail.com,sold,Wheat,2023-05-12,2023-10-26,181,9050,167,48,48363.2,yes,40,0,2023-10-26,-48363.2
1182,Customer_1182,customer1182@mail.com,stored,Wheat,2023-08-29,2023-12-15,33,1650,108,41,4870.8,partial,54,0,2023-12-15,-4870.8
1499,Customer_1499,customer1499@mail.com,storing,Barley,2024-02-12,2024-02-27,82,4100,15,29,1189.0,yes,28,114800,2024-02-27,113611.0
1963,Customer_1963,customer1963@mail.com,sold,Sorghum,2023-03-04,2023-04-05,90,4500,32,22,2112.0,no,39,0,2023-04-05,-2112.0
104,Customer_104,customer104@mail.com,stored,Rice,2023-02-02,2023-02-20,46,1150,18,28,772.8,partial,28,32200,2023-02-20,31427.2
757,Customer_757,customer757@mail.com,sold,Sorghum,2023-04-12,2023-08-05,137,3425,115,53,27833.83,partial,50,171250,2023-08-05,143416.17
1760,Customer_1760,customer1760@mail.com,sold,Barley,2023-09-06,2023-10-23,18,900,47,25,705.0,yes,34,0,2023-10-23,-705.0
1639,Customer_1639,customer1639@mail.com,storing,Rice,2023-01-22,2023-02-10,171,8550,19,45,4873.5,yes,45,0,2023-02-10,-4873.5
1205,Customer_1205,customer1205@mail.com,sold,Barley,2023-12-19,2024-02-04,50,1250,47,32,2506.67,partial,37,0,2024-02-04,-2506.67
1835,Customer_1835,customer1835@mail.com,stored,Millet,2024-02-04,2024-03-05,54,2700,30,24,1296.0,partial,45,121500,2024-03-05,120204.0
49,Customer_49,customer49@mail.com,sold,Maize,2023-05-26,2023-09-25,10,250,122,20,813.33,partial,25,0,2023-09-25,-813.33
913,Customer_913,customer913@mail.com,stored,Maize,2023-07-19,2024-01-01,180,4500,166,50,49800.0,partial,42,189000,2024-01-01,139200.0
1795,Customer_1795,customer1795@mail.com,stored,Sorghum,2024-06-06,2024-09-09,101,5050,95,57,18230.5,yes,39,196950,2024-09-09,178719.5
1700,Customer_1700,customer1700@mail.com,sold,Millet,2023-03-20,2023-08-17,168,8400,150,35,29400.0,no,28,235200,2023-08-17,205800.0
77,Customer_77,customer77@mail.com,sold,Barley,2024-06-16,2024-11-09,93,2325,146,20,9052.0,no,29,0,2024-11-09,-9052.0
870,Customer_870,customer870@mail.com,sold,Maize,2023-11-07,2024-03-26,58,1450,140,56,15157.33,yes,41,0,2024-03-26,-15157.33
286,Customer_286,customer286@mail.com,stored,Millet,2024-02-25,2024-06-04,76,3800,100,25,6333.33,partial,51,193800,2024-06-04,187466.67
1840,Customer_1840,customer1840@mail.com,stored,Wheat,2024-06-06,2024-09-03,46,1150,89,33,4503.4,yes,47,54050,2024-09-03,49546.6
81,Customer_81,customer81@mail.com,storing,Millet,2024-04-05,2024-08-17,37,925,134,33,5453.8,yes,39,0,2024-08-17,-5453.8
281,Customer_281,customer281@mail.com,sold,Maize,2023-10-14,2024-01-24,148,3700,102,49,24656.8,partial,27,0,2024-01-24,-24656.8
252,Customer_252,customer252@mail.com,storing,Millet,2024-05-21,2024-08-20,128,6400,91,22,8541.87,yes,52,332800,2024-08-20,324258.13
1054,Customer_1054,customer1054@mail.com,sold,Wheat,2023-07-02,2023-09-02,163,4075,62,50,16843.33,partial,46,0,2023-09-02,-16843.33
545,Customer_545,customer545@mail.com,sold,Rice,2023-01-19,2023-03-15,129,3225,55,29,6858.5,yes,26,83850,2023-03-15,76991.5
832,Customer_832,customer832@mail.com,sold,Millet,2024-02-25,2024-08-08,176,8800,165,48,46464.0,no,51,0,2024-08-08,-46464.0
1453,Customer_1453,customer1453@mail.com,storing,Wheat,2023-09-03,2023-09-18,101,2525,15,43,2171.5,partial,45,113625,2023-09-18,111453.5
206,Customer_206,customer206@mail.com,sold,Rice,2024-02-05,2024-06-19,78,3900,135,20,7020.0,yes,30,117000,2024-06-19,109980.0
1191,Customer_1191,customer1191@mail.com,storing,Rice,2024-02-01,2024-06-24,173,8650,144,43,35707.2,partial,41,0,2024-06-24,-35707.2
251,Customer_251,customer251@mail.com,stored,Millet,2023-01-29,2023-06-08,92,4600,130,50,19933.33,yes,41,0,2023-06-08,-19933.33
387,Customer_387,customer387@mail.com,sold,Maize,2023-05-05,2023-06-30,159,3975,56,20,5936.0,partial,31,0,2023-06-30,-5936.0
1519,Customer_1519,customer1519@mail.com,sold,Rice,2023-02-14,2023-08-05,120,6000,172,39,26832.0,yes,46,0,2023-08-05,-26832.0
864,Customer_864,customer864@mail.com,stored,Millet,2023-07-30,2023-09-29,33,825,61,43,2885.3,yes,42,0,2023-09-29,-2885.3
1073,Customer_1073,customer1073@mail.com,stored,Maize,2023-09-28,2024-02-06,175,8750,131,33,25217.5,yes,51,0,2024-02-06,-25217.5
1758,Customer_1758,customer1758@mail.com,stored,Rice,2023-02-21,2023-06-08,35,875,107,27,3370.5,yes,30,0,2023-06-08,-3370.5
1096,Customer_1096,customer1096@mail.com,stored,Sorghum,2023-05-12,2023-09-04,83,4150,115,59,18771.83,no,26,107900,2023-09-04,89128.17
195,Customer_195,customer195@mail.com,sold,Wheat,2024-03-28,2024-09-24,41,2050,180,47,11562.0,partial,47,96350,2024-09-24,84788.0
338,Customer_338,customer338@mail.com,storing,Wheat,2023-05-26,2023-06-30,186,4650,35,53,11501.0,no,53,246450,2023-06-30,234949.0
1028,Customer_1028,customer1028@mail.com,stored,Maize,2023-08-20,2024-01-15,199,9950,148,57,55958.8,yes,47,0,2024-01-15,-55958.8
1819,Customer_1819,customer1819@mail.com,storing,Barley,2024-02-08,2024-07-08,121,6050,151,45,27406.5,partial,39,235950,2024-07-08,208543.5
846,Customer_846,customer846@mail.com,sold,Wheat,2024-04-11,2024-10-02,103,2575,174,49,29272.6,no,25,64375,2024-10-02,35102.4
910,Customer_910,customer910@mail.com,storing,Rice,2023-11-10,2024-04-27,168,4200,169,42,39748.8,partial,25,105000,2024-04-27,65251.2
1118,Customer_1118,customer1118@mail.com,storing,Millet,2023-01-03,2023-04-23,112,5600,110,36,14784.0,no,39,218400,2023-04-23,203616.0
1547,Customer_1547,customer1547@mail.com,sold,Millet,2023-07-29,2023-09-15,138,3450,48,29,6403.2,yes,41,0,2023-09-15,-6403.2
1645,Customer_1645,customer1645@mail.com,stored,Millet,2023-08-13,2023-12-07,30,750,116,29,3364.0,partial,38,28500,2023-12-07,25136.0
816,Customer_816,customer816@mail.com,sold,Wheat,2023-01-18,2023-02-15,49,1225,28,39,1783.6,yes,55,67375,2023-02-15,65591.4
1335,Customer_1335,customer1335@mail.com,storing,Rice,2023-11-03,2024-03-08,99,4950,126,53,22037.4,yes,53,0,2024-03-08,-22037.4
833,Customer_833,customer833@mail.com,stored,Maize,2023-11-22,2023-12-24,64,1600,32,55,3754.67,yes,35,0,2023-12-24,-3754.67
1173,Customer_1173,customer1173@mail.com,stored,Wheat,2023-05-10,2023-10-09,13,325,152,47,3095.73,partial,25,0,2023-10-09,-3095.73
1324,Customer_1324,customer1324@mail.com,stored,Sorghum,2023-06-16,2023-10-09,63,3150,115,23,5554.5,partial,35,0,2023-10-09,-5554.5
691,Customer_691,customer691@mail.com,storing,Wheat,2023-04-30,2023-09-07,127,3175,130,33,18161.0,no,43,0,2023-09-07,-18161.0
1801,Customer_1801,customer1801@mail.com,storing,Barley,2023-07-07,2023-08-03,36,900,27,23,745.2,yes,54,0,2023-08-03,-745.2
3,Customer_3,customer3@mail.com,storing,Barley,2023-01-02,2023-04-02,56,2800,90,31,5208.0,no,38,106400,2023-04-02,101192.0
1030,Customer_1030,customer1030@mail.com,stored,Wheat,2023-02-10,2023-05-27,62,1550,106,55,12048.67,yes,27,41850,2023-05-27,29801.33
1307,Customer_1307,customer1307@mail.com,sold,Barley,2024-08-11,2024-11-09,66,3300,90,28,5544.0,no,29,0,2024-11-09,-5544.0
16,Customer_16,customer16@mail.com,storing,Sorghum,2023-08-01,2023-09-27,188,9400,57,53,18931.6,yes,54,507600,2023-09-27,488668.4
1674,Customer_1674,customer1674@mail.com,storing,Millet,2023-01-08,2023-02-02,123,3075,25,20,2050.0,partial,41,0,2023-02-02,-2050.0
430,Customer_430,customer430@mail.com,storing,Barley,2023-09-26,2024-01-16,77,3850,112,42,12073.6,yes,39,150150,2024-01-16,138076.4
831,Customer_831,customer831@mail.com,stored,Wheat,2023-07-30,2023-09-21,91,2275,53,39,6269.9,partial,32,72800,2023-09-21,66530.1
77,Customer_77,customer77@mail.com,stored,Barley,2023-06-24,2023-12-17,200,10000,176,57,66880.0,yes,52,520000,2023-12-17,453120.0
1769,Customer_1769,customer1769@mail.com,storing,Barley,2024-05-29,2024-06-15,109,5450,17,48,2964.8,no,39,212550,2024-06-15,209585.2
1396,Customer_1396,customer1396@mail.com,storing,Barley,2024-06-09,2024-06-20,50,1250,11,49,898.33,partial,54,67500,2024-06-20,66601.67
940,Customer_940,customer940@mail.com,stored,Barley,2023-08-12,2023-08-29,32,1600,17,24,435.2,partial,46,0,2023-08-29,-435.2
371,Customer_371,customer371@mail.com,storing,Rice,2023-07-08,2023-10-21,36,1800,105,44,5544.0,no,42,75600,2023-10-21,70056.0
1067,Customer_1067,customer1067@mail.com,sold,Rice,2023-04-25,2023-10-08,12,300,166,43,2855.2,no,35,10500,2023-10-08,7644.8
646,Customer_646,customer646@mail.com,stored,Rice,2023-10-10,2024-01-14,88,2200,96,28,7884.8,no,26,57200,2024-01-14,49315.2
1314,Customer_1314,customer1314@mail.com,storing,Sorghum,2023-08-28,2023-11-19,120,6000,83,26,8632.0,partial,33,0,2023-11-19,-8632.0
1148,Customer_1148,customer1148@mail.com,stored,Millet,2024-05-05,2024-08-09,74,1850,96,35,8288.0,no,43,79550,2024-08-09,71262.0
856,Customer_856,customer856@mail.com,stored,Sorghum,2024-08-03,2024-09-15,198,9900,43,31,8797.8,no,42,0,2024-09-15,-8797.8
1304,Customer_1304,customer1304@mail.com,stored,Maize,2024-07-27,2025-01-19,91,4550,176,40,21354.67,yes,25,0,2025-01-19,-21354.67
496,Customer_496,customer496@mail.com,stored,Maize,2023-08-23,2023-09-11,17,850,19,30,323.0,no,41,0,2023-09-11,-323.0
656,Customer_656,customer656@mail.com,sold,Rice,2023-11-29,2024-04-10,40,2000,133,51,9044.0,yes,50,100000,2024-04-10,90956.0
688,Customer_688,customer688@mail.com,storing,Sorghum,2023-12-15,2024-04-12,20,500,119,53,4204.67,partial,34,17000,2024-04-12,12795.33
1127,Customer_1127,customer1127@mail.com,storing,Barley,2023-12-13,2024-03-01,119,2975,79,56,17548.53,partial,46,0,2024-03-01,-17548.53
771,Customer_771,customer771@mail.com,sold,Wheat,2023-11-14,2024-05-02,149,3725,170,22,18575.33,no,32,0,2024-05-02,-18575.33
1812,Customer_1812,customer1812@mail.com,stored,Wheat,2023-05-11,2023-06-14,159,7950,34,34,6126.8,yes,26,206700,2023-06-14,200573.2
1730,Customer_1730,customer1730@mail.com,stored,Rice,2023-12-05,2024-03-04,62,3100,90,37,6882.0,partial,31,96100,2024-03-04,89218.0
529,Customer_529,customer529@mail.com,stored,Rice,2024-08-04,2024-12-02,73,1825,120,33,9636.0,partial,38,69350,2024-12-02,59714.0
993,Customer_993,customer993@mail.com,storing,Rice,2024-07-15,2024-10-28,27,1350,105,47,4441.5,no,54,0,2024-10-28,-4441.5
621,Customer_621,customer621@mail.com,sold,Sorghum,2023-12-20,2024-04-28,48,2400,130,28,5824.0,yes,40,0,2024-04-28,-5824.0
695,Customer_695,customer695@mail.com,storing,Maize,2023-03-10,2023-06-19,109,2725,101,51,18715.3,yes,44,119900,2023-06-19,101184.7
1678,Customer_1678,customer1678@mail.com,stored,Wheat,2023-01-16,2023-03-05,121,6050,48,26,5033.6,yes,30,181500,2023-03-05,176466.4
116,Customer_116,customer116@mail.com,storing,Sorghum,2023-11-08,2024-01-28,125,6250,81,48,16200.0,no,38,0,2024-01-28,-16200.0
874,Customer_874,customer874@mail.com,storing,Maize,2024-06-16,2024-10-09,16,800,115,21,1288.0,no,31,24800,2024-10-09,23512.0
1070,Customer_1070,customer1070@mail.com,stored,Millet,2024-06-18,2024-10-06,57,1425,110,26,5434.0,yes,55,78375,2024-10-06,72941.0
328,Customer_328,customer328@mail.com,stored,Rice,2023-07-28,2023-12-11,60,3000,136,46,12512.0,no,38,114000,2023-12-11,101488.0
944,Customer_944,customer944@mail.com,stored,Maize,2023-03-09,2023-04-17,166,8300,39,27,5826.6,no,50,415000,2023-04-17,409173.4
1926,Customer_1926,customer1926@mail.com,storing,Barley,2024-04-15,2024-07-30,124,6200,106,59,25849.87,partial,48,0,2024-07-30,-25849.87
818,Customer_818,customer818@mail.com,sold,Sorghum,2024-01-23,2024-05-29,125,3125,127,28,14816.67,partial,48,0,2024-05-29,-14816.67
385,Customer_385,customer385@mail.com,storing,Sorghum,2024-05-19,2024-10-31,50,2500,165,33,9075.0,no,50,0,2024-10-31,-9075.0
1474,Customer_1474,customer1474@mail.com,storing,Barley,2023-07-13,2023-10-30,194,4850,109,32,22555.73,yes,36,0,2023-10-30,-22555.73
495,Customer_495,customer495@mail.com,stored,Sorghum,2023-07-03,2023-07-17,90,2250,14,24,1008.0,partial,49,0,2023-07-17,-1008.0
1589,Customer_1589,customer1589@mail.com,sold,Barley,2024-04-16,2024-06-29,39,1950,74,23,2212.6,no,37,72150,2024-06-29,69937.4
1107,Customer_1107,customer1107@mail.com,storing,Rice,2023-10-19,2024-01-09,160,4000,82,55,24053.33,partial,41,164000,2024-01-09,139946.67
309,Customer_309,customer309@mail.com,stored,Millet,2023-08-27,2023-10-19,116,5800,53,50,10246.67,partial,28,162400,2023-10-19,152153.33
245,Customer_245,customer245@mail.com,stored,Sorghum,2024-06-20,2024-08-19,150,3750,60,51,15300.0,partial,25,93750,2024-08-19,78450.0
1444,Customer_1444,customer1444@mail.com,sold,Wheat,2023-08-09,2023-10-28,39,975,80,30,3120.0,partial,43,0,2023-10-28,-3120.0
743,Customer_743,customer743@mail.com,storing,Wheat,2024-03-05,2024-08-05,26,1300,153,26,3447.6,partial,39,0,2024-08-05,-3447.6
791,Customer_791,customer791@mail.com,stored,Millet,2023-08-16,2024-01-19,135,3375,156,31,21762.0,partial,41,138375,2024-01-19,116613.0
1605,Customer_1605,customer1605@mail.com,sold,Maize,2023-10-07,2024-01-31,37,1850,116,50,7153.33,no,45,83250,2024-01-31,76096.67
897,Customer_897,customer897@mail.com,stored,Barley,2023-03-09,2023-08-19,48,2400,163,32,8345.6,partial,49,117600,2023-08-19,109254.4
1536,Customer_1536,customer1536@mail.com,sold,Maize,2023-12-28,2024-04-20,110,2750,114,27,11286.0,partial,48,0,2024-04-20,-11286.0
1192,Customer_1192,customer1192@mail.com,sold,Rice,2023-01-02,2023-05-25,159,7950,143,33,25010.7,no,35,278250,2023-05-25,253239.3
1712,Customer_1712,customer1712@mail.com,storing,Sorghum,2024-04-26,2024-09-13,141,3525,140,52,34216.0,no,50,0,2024-09-13,-34216.0
1196,Customer_1196,customer1196@mail.com,stored,Millet,2023-03-17,2023-06-03,24,1200,78,45,2808.0,no,53,63600,2023-06-03,60792.0
778,Customer_778,customer778@mail.com,sold,Barley,2023-01-21,2023-06-27,174,8700,157,53,48261.8,yes,41,0,2023-06-27,-48261.8
533,Customer_533,customer533@mail.com,storing,Barley,2024-02-21,2024-07-03,111,5550,133,48,23620.8,no,25,0,2024-07-03,-23620.8
318,Customer_318,customer318@mail.com,stored,Millet,2023-08-17,2024-01-24,133,3325,160,50,35466.67,yes,39,129675,2024-01-24,94208.33
1422,Customer_1422,customer1422@mail.com,stored,Barley,2023-06-05,2023-07-21,118,5900,46,49,8865.73,no,44,0,2023-07-21,-8865.73
1253,Customer_1253,customer1253@mail.com,stored,Sorghum,2023-09-05,2023-10-26,55,2750,51,24,2244.0,no,54,0,2023-10-26,-2244.0
1108,Customer_1108,customer1108@mail.com,storing,Millet,2024-05-25,2024-11-14,23,1150,173,36,4774.8,no,55,0,2024-11-14,-4774.8
182,Customer_182,customer182@mail.com,sold,Millet,2023-10-29,2024-04-26,172,8600,180,60,61920.0,no,46,0,2024-04-26,-61920.0
1274,Customer_1274,customer1274@mail.com,stored,Barley,2023-12-08,2023-12-23,61,3050,15,28,854.0,no,44,0,2023-12-23,-854.0
570,Customer_570,customer570@mail.com,storing,Wheat,2024-04-08,2024-06-22,113,2825,75,56,15820.0,partial,52,146900,2024-06-22,131080.0
366,Customer_366,customer366@mail.com,sold,Maize,2023-06-12,2023-08-03,18,450,52,36,1123.2,no,41,18450,2023-08-03,17326.8
902,Customer_902,customer902@mail.com,sold,Millet,2023-09-09,2024-01-14,48,1200,127,53,10769.6,yes,27,32400,2024-01-14,21630.4
529,Customer_529,customer529@mail.com,storing,Maize,2023-06-10,2023-11-24,180,9000,167,30,30060.0,no,55,495000,2023-11-24,464940.0
151,Customer_151,customer151@mail.com,storing,Barley,2024-07-21,2024-09-16,191,4775,57,23,8346.7,yes,46,219650,2024-09-16,211303.3
613,Customer_613,customer613@mail.com,sold,Rice,2023-09-02,2023-09-13,22,550,11,53,427.53,partial,31,17050,2023-09-13,16622.47
1615,Customer_1615,customer1615@mail.com,sold,Maize,2023-01-31,2023-04-22,122,6100,81,54,17787.6,no,26,158600,2023-04-22,140812.4
1927,Customer_1927,customer1927@mail.com,stored,Rice,2023-12-10,2024-04-02,104,2600,114,58,22921.6,partial,32,0,2024-04-02,-22921.6
1231,Customer_1231,customer1231@mail.com,storing,Wheat,2023-09-18,2024-02-22,191,9550,157,41,40982.23,no,38,0,2024-02-22,-40982.23
269,Customer_269,customer269@mail.com,sold,Rice,2024-04-07,2024-08-11,123,6150,126,44,22730.4,no,46,282900,2024-08-11,260169.6
490,Customer_490,customer490@mail.com,storing,Millet,2023-08-28,2023-12-02,140,7000,96,55,24640.0,no,28,196000,2023-12-02,171360.0
1517,Customer_1517,customer1517@mail.com,stored,Millet,2023-12-01,2024-01-03,80,2000,33,22,1936.0,no,46,92000,2024-01-03,90064.0
852,Customer_852,customer852@mail.com,storing,Barley,2023-10-10,2024-03-17,145,3625,159,57,43804.5,no,38,0,2024-03-17,-43804.5
1176,Customer_1176,customer1176@mail.com,stored,Rice,2024-03-07,2024-05-22,80,4000,76,37,7498.67,partial,50,0,2024-05-22,-7498.67
37,Customer_37,customer37@mail.com,sold,Wheat,2023-08-02,2023-09-29,125,3125,58,36,8700.0,yes,46,0,2023-09-29,-8700.0
155,Customer_155,customer155@mail.com,stored,Wheat,2024-05-11,2024-06-13,74,3700,33,57,4639.8,no,51,188700,2024-06-13,184060.2
1124,Customer_1124,customer1124@mail.com,sold,Sorghum,2024-05-08,2024-05-24,154,7700,16,41,3367.47,no,30,231000,2024-05-24,227632.53
267,Customer_267,customer267@mail.com,stored,Rice,2023-05-15,2023-08-05,153,3825,82,47,19655.4,partial,50,191250,2023-08-05,171594.6
1951,Customer_1951,customer1951@mail.com,stored,Barley,2023-04-28,2023-07-13,40,2000,76,58,5877.33,partial,28,56000,2023-07-13,50122.67
680,Customer_680,customer680@mail.com,stored,Sorghum,2023-07-31,2023-08-11,83,2075,11,23,699.97,no,49,101675,2023-08-11,100975.03
111,Customer_111,customer111@mail.com,sold,Rice,2023-02-04,2023-07-13,124,3100,159,37,24316.4,partial,47,145700,2023-07-13,121383.6
328,Customer_328,customer328@mail.com,storing,Wheat,2023-08-14,2023-12-15,171,4275,123,28,19630.8,no,43,183825,2023-12-15,164194.2
1147,Customer_1147,customer1147@mail.com,sold,Wheat,2023-01-05,2023-06-09,41,1025,155,29,6143.17,partial,50,0,2023-06-09,-6143.17
1136,Customer_1136,customer1136@mail.com,storing,Wheat,2023-01-18,2023-07-06,113,2825,169,40,25462.67,no,54,0,2023-07-06,-25462.67
423,Customer_423,customer423@mail.com,storing,Barley,2023-09-15,2023-11-24,70,3500,70,44,7186.67,yes,40,0,2023-11-24,-7186.67
1078,Customer_1078,customer1078@mail.com,sold,Maize,2024-02-08,2024-08-02,77,3850,176,28,12648.53,no,45,173250,2024-08-02,160601.47
777,Customer_777,customer777@mail.com,storing,Rice,2023-12-13,2024-03-08,198,4950,86,32,18163.2,no,31,153450,2024-03-08,135286.8
746,Customer_746,customer746@mail.com,stored,Maize,2023-06-06,2023-08-25,44,2200,80,40,4693.33,yes,38,0,2023-08-25,-4693.33
259,Customer_259,customer259@mail.com,sold,Sorghum,2024-04-27,2024-06-19,67,3350,53,52,6155.07,no,46,154100,2024-06-19,147944.93
531,Customer_531,customer531@mail.com,storing,Maize,2023-12-17,2024-03-16,70,1750,90,27,5670.0,yes,30,0,2024-03-16,-5670.0
1212,Customer_1212,customer1212@mail.com,stored,Barley,2023-03-13,2023-07-08,69,3450,117,59,15876.9,no,54,0,2023-07-08,-15876.9
1737,Customer_1737,customer1737@mail.com,storing,Barley,2024-04-30,2024-07-17,158,3950,78,37,15199.6,partial,50,0,2024-07-17,-15199.6
1827,Customer_1827,customer1827@mail.com,storing,Sorghum,2023-05-15,2023-08-12,97,4850,89,57,16402.7,partial,49,0,2023-08-12,-16402.7
1579,Customer_1579,customer1579@mail.com,sold,Sorghum,2024-07-12,2024-08-29,51,1275,48,44,3590.4,partial,42,53550,2024-08-29,49959.6
452,Customer_452,customer452@mail.com,sold,Wheat,2024-04-17,2024-05-27,155,7750,40,27,5580.0,no,35,271250,2024-05-27,265670.0
647,Customer_647,customer647@mail.com,stored,Maize,2023-02-17,2023-06-08,113,2825,111,47,19650.7,partial,26,0,2023-06-08,-19650.7
1719,Customer_1719,customer1719@mail.com,sold,Maize,2023-06-05,2023-06-30,28,1400,25,32,746.67,yes,28,0,2023-06-30,-746.67
1656,Customer_1656,customer1656@mail.com,stored,Sorghum,2023-06-16,2023-09-19,188,4700,95,40,23813.33,partial,29,136300,2023-09-19,112486.67
1004,Customer_1004,customer1004@mail.com,storing,Rice,2023-02-01,2023-05-20,65,1625,108,37,8658.0,yes,37,60125,2023-05-20,51467.0
1707,Customer_1707,customer1707@mail.com,storing,Rice,2023-05-13,2023-05-26,16,800,13,41,284.27,no,40,0,2023-05-26,-284.27
1822,Customer_1822,customer1822@mail.com,sold,Barley,2023-08-22,2023-12-12,36,900,112,58,7795.2,yes,30,0,2023-12-12,-7795.2
561,Customer_561,customer561@mail.com,sold,Maize,2023-05-10,2023-06-23,49,2450,44,29,2084.13,no,28,0,2023-06-23,-2084.13
595,Customer_595,customer595@mail.com,storing,Barley,2024-06-26,2024-10-23,23,1150,119,56,5109.07,partial,50,57500,2024-10-23,52390.93
1625,Customer_1625,customer1625@mail.com,sold,Sorghum,2023-01-05,2023-02-25,22,1100,51,27,1009.8,yes,50,0,2023-02-25,-1009.8
740,Customer_740,customer740@mail.com,stored,Wheat,2023-03-27,2023-08-13,142,3550,139,55,36186.33,no,43,152650,2023-08-13,116463.67
1873,Customer_1873,customer1873@mail.com,stored,Maize,2023-02-28,2023-04-19,190,9500,50,35,11083.33,yes,43,0,2023-04-19,-11083.33
840,Customer_840,customer840@mail.com,stored,Barley,2024-07-03,2024-08-23,139,6950,51,27,6380.1,yes,30,0,2024-08-23,-6380.1
1979,Customer_1979,customer1979@mail.com,stored,Wheat,2023-03-22,2023-06-22,67,3350,92,40,8218.67,yes,51,0,2023-06-22,-8218.67
828,Customer_828,customer828@mail.com,stored,Barley,2023-05-14,2023-08-24,146,7300,102,20,9928.0,no,37,0,2023-08-24,-9928.0
1321,Customer_1321,customer1321@mail.com,storing,Wheat,2023-06-11,2023-10-26,102,2550,137,34,15837.2,partial,44,112200,2023-10-26,96362.8
1169,Customer_1169,customer1169@mail.com,stored,Millet,2023-03-04,2023-03-18,74,1850,14,30,1036.0,no,26,0,2023-03-18,-1036.0
1465,Customer_1465,customer1465@mail.com,stored,Rice,2024-01-31,2024-04-05,158,7900,65,38,13008.67,no,51,0,2024-04-05,-13008.67
1595,Customer_1595,customer1595@mail.com,sold,Maize,2023-01-14,2023-03-10,132,6600,55,33,7986.0,partial,48,316800,2023-03-10,308814.0
1239,Customer_1239,customer1239@mail.com,sold,Sorghum,2024-03-06,2024-07-23,61,1525,139,28,7913.73,partial,53,0,2024-07-23,-7913.73
146,Customer_146,customer146@mail.com,storing,Barley,2024-05-09,2024-07-07,178,4450,59,46,16103.07,no,34,0,2024-07-07,-16103.07
1723,Customer_1723,customer1723@mail.com,sold,Millet,2024-08-12,2024-10-19,88,4400,68,48,9574.4,yes,26,0,2024-10-19,-9574.4
1142,Customer_1142,customer1142@mail.com,storing,Barley,2024-04-17,2024-08-08,150,3750,113,57,32205.0,yes,52,0,2024-08-08,-32205.0
1920,Customer_1920,customer1920@mail.com,sold,Sorghum,2023-11-06,2023-12-26,55,1375,50,56,5133.33,partial,29,0,2023-12-26,-5133.33
824,Customer_824,customer824@mail.com,sold,Wheat,2024-08-21,2024-09-06,200,5000,16,38,4053.33,yes,44,220000,2024-09-06,215946.67
1585,Customer_1585,customer1585@mail.com,stored,Rice,2023-06-30,2023-12-10,194,9700,163,45,47433.0,no,54,0,2023-12-10,-47433.0
1071,Customer_1071,customer1071@mail.com,sold,Barley,2024-05-03,2024-10-15,26,650,165,54,7722.0,no,25,0,2024-10-15,-7722.0
902,Customer_902,customer902@mail.com,storing,Wheat,2023-08-15,2023-09-30,92,4600,46,48,6771.2,yes,42,193200,2023-09-30,186428.8
1707,Customer_1707,customer1707@mail.com,sold,Millet,2024-03-04,2024-06-26,152,3800,114,44,25414.4,no,52,0,2024-06-26,-25414.4
1359,Customer_1359,customer1359@mail.com,stored,Rice,2024-07-04,2024-09-13,60,1500,71,56,7952.0,partial,26,0,2024-09-13,-7952.0
1837,Customer_1837,customer1837@mail.com,sold,Barley,2023-07-14,2023-12-09,28,700,148,34,4696.53,yes,49,0,2023-12-09,-4696.53
1799,Customer_1799,customer1799@mail.com,stored,Maize,2024-05-11,2024-08-31,180,4500,112,29,19488.0,partial,25,112500,2024-08-31,93012.0
820,Customer_820,customer820@mail.com,stored,Barley,2023-04-17,2023-09-09,77,3850,145,60,22330.0,no,35,134750,2023-09-09,112420.0
665,Customer_665,customer665@mail.com,sold,Millet,2023-04-17,2023-05-01,116,2900,14,55,2977.33,yes,37,107300,2023-05-01,104322.67
2000,Customer_2000,customer2000@mail.com,storing,Barley,2024-05-09,2024-07-25,63,3150,77,58,9378.6,no,27,85050,2024-07-25,75671.4
1469,Customer_1469,customer1469@mail.com,storing,Millet,2023-07-11,2023-12-24,80,2000,166,57,25232.0,yes,45,0,2023-12-24,-25232.0
1834,Customer_1834,customer1834@mail.com,storing,Rice,2024-03-31,2024-07-28,29,1450,119,27,3105.9,yes,47,0,2024-07-28,-3105.9
57,Customer_57,customer57@mail.com,sold,Rice,2024-04-30,2024-07-15,161,4025,76,57,23248.4,yes,32,0,2024-07-15,-23248.4
1103,Customer_1103,customer1103@mail.com,storing,Barley,2023-04-30,2023-06-26,138,3450,57,37,9701.4,no,34,117300,2023-06-26,107598.6
403,Customer_403,customer403@mail.com,storing,Maize,2023-10-30,2024-01-11,73,1825,73,26,4618.47,yes,38,69350,2024-01-11,64731.53
889,Customer_889,customer889@mail.com,sold,Rice,2024-08-06,2024-12-07,145,7250,123,22,13079.0,no,29,210250,2024-12-07,197171.0
1486,Customer_1486,customer1486@mail.com,stored,Wheat,2024-06-30,2024-08-29,78,1950,60,51,7956.0,partial,45,87750,2024-08-29,79794.0
1379,Customer_1379,customer1379@mail.com,stored,Sorghum,2023-01-31,2023-04-19,124,6200,78,40,12896.0,yes,45,279000,2023-04-19,266104.0
234,Customer_234,customer234@mail.com,storing,Barley,2024-08-12,2025-01-06,177,8850,147,37,32090.1,no,36,0,2025-01-06,-32090.1
791,Customer_791,customer791@mail.com,storing,Barley,2023-02-08,2023-04-28,84,2100,79,39,8626.8,yes,29,60900,2023-04-28,52273.2
1460,Customer_1460,customer1460@mail.com,stored,Rice,2023-05-26,2023-06-09,120,3000,14,31,1736.0,no,31,93000,2023-06-09,91264.0
730,Customer_730,customer730@mail.com,stored,Maize,2023-09-23,2024-03-02,147,3675,161,44,34711.6,no,44,0,2024-03-02,-34711.6
423,Customer_423,customer423@mail.com,storing,Sorghum,2023-11-01,2024-04-20,162,8100,171,30,27702.0,no,39,0,2024-04-20,-27702.0
359,Customer_359,customer359@mail.com,storing,Rice,2023-12-11,2024-05-06,196,4900,147,44,42257.6,partial,27,0,2024-05-06,-42257.6
552,Customer_552,customer552@mail.com,stored,Barley,2023-11-07,2024-02-29,24,600,114,54,4924.8,yes,43,0,2024-02-29,-4924.8
1363,Customer_1363,customer1363@mail.com,stored,Sorghum,2023-02-11,2023-03-19,54,2700,36,22,1425.6,yes,34,91800,2023-03-19,90374.4
278,Customer_278,customer278@mail.com,storing,Maize,2023-05-14,2023-10-28,160,8000,167,59,52549.33,yes,25,200000,2023-10-28,147450.67
430,Customer_430,customer430@mail.com,sold,Wheat,2024-02-20,2024-07-07,91,2275,138,37,15488.2,partial,39,0,2024-07-07,-15488.2
1348,Customer_1348,customer1348@mail.com,stored,Maize,2023-06-05,2023-09-27,144,3600,114,24,13132.8,partial,38,0,2023-09-27,-13132.8
1949,Customer_1949,customer1949@mail.com,storing,Sorghum,2023-08-08,2023-12-08,28,1400,122,59,6718.13,no,48,0,2023-12-08,-6718.13
1925,Customer_1925,customer1925@mail.com,storing,Millet,2023-03-27,2023-08-03,70,1750,129,33,9933.0,partial,47,82250,2023-08-03,72317.0
1620,Customer_1620,customer1620@mail.com,stored,Millet,2023-11-21,2024-03-12,200,10000,112,59,44053.33,partial,48,480000,2024-03-12,435946.67
1936,Customer_1936,customer1936@mail.com,storing,Sorghum,2023-06-22,2023-11-04,12,300,135,22,1188.0,partial,49,0,2023-11-04,-1188.0
1053,Customer_1053,customer1053@mail.com,sold,Maize,2023-09-07,2024-02-14,73,1825,160,38,14794.67,yes,38,69350,2024-02-14,54555.33
1563,Customer_1563,customer1563@mail.com,sold,Maize,2023-08-10,2023-11-16,73,1825,98,57,13592.6,partial,33,0,2023-11-16,-13592.6
1748,Customer_1748,customer1748@mail.com,storing,Millet,2024-07-22,2024-12-03,149,3725,134,24,15972.8,partial,39,145275,2024-12-03,129302.2
618,Customer_618,customer618@mail.com,stored,Maize,2023-01-09,2023-02-13,34,1700,35,45,1785.0,no,34,0,2023-02-13,-1785.0
1348,Customer_1348,customer1348@mail.com,sold,Barley,2023-06-21,2023-08-17,138,3450,57,56,14683.2,yes,36,124200,2023-08-17,109516.8
403,Customer_403,customer403@mail.com,sold,Wheat,2024-07-18,2024-10-20,195,4875,94,42,25662.0,yes,26,0,2024-10-20,-25662.0
1297,Customer_1297,customer1297@mail.com,storing,Millet,2023-04-13,2023-08-07,165,4125,116,44,28072.0,no,39,160875,2023-08-07,132803.0
1835,Customer_1835,customer1835@mail.com,stored,Barley,2023-02-10,2023-05-24,87,2175,103,33,9857.1,no,26,56550,2023-05-24,46692.9
1551,Customer_1551,customer1551@mail.com,stored,Millet,2024-08-06,2024-09-14,128,6400,39,54,8985.6,partial,26,166400,2024-09-14,157414.4
1623,Customer_1623,customer1623@mail.com,stored,Barley,2023-09-27,2023-10-23,83,4150,26,32,2301.87,yes,40,166000,2023-10-23,163698.13
1512,Customer_1512,customer1512@mail.com,sold,Rice,2023-03-08,2023-05-22,108,5400,75,47,12690.0,no,51,275400,2023-05-22,262710.0
787,Customer_787,customer787@mail.com,stored,Rice,2023-05-14,2023-06-23,28,1400,40,42,1568.0,yes,34,0,2023-06-23,-1568.0
121,Customer_121,customer121@mail.com,stored,Rice,2023-08-30,2023-11-30,16,400,92,32,1570.13,no,38,0,2023-11-30,-1570.13
1955,Customer_1955,customer1955@mail.com,stored,Millet,2024-01-03,2024-02-22,49,2450,50,46,3756.67,yes,39,0,2024-02-22,-3756.67
197,Customer_197,customer197@mail.com,stored,Maize,2024-07-04,2024-11-01,138,3450,120,56,30912.0,yes,40,138000,2024-11-01,107088.0
872,Customer_872,customer872@mail.com,storing,Sorghum,2023-07-27,2024-01-12,183,9150,169,25,25772.5,yes,55,0,2024-01-12,-25772.5
113,Customer_113,customer113@mail.com,stored,Maize,2024-01-07,2024-06-17,173,4325,162,34,31762.8,no,49,211925,2024-06-17,180162.2
1406,Customer_1406,customer1406@mail.com,stored,Sorghum,2024-07-09,2025-01-03,185,9250,178,22,24148.67,partial,37,342250,2025-01-03,318101.33
1850,Customer_1850,customer1850@mail.com,stored,Maize,2024-07-17,2024-08-05,85,2125,19,36,1938.0,yes,36,76500,2024-08-05,74562.0
1504,Customer_1504,customer1504@mail.com,sold,Wheat,2024-05-15,2024-10-10,19,475,148,27,2530.8,yes,45,21375,2024-10-10,18844.2
1369,Customer_1369,customer1369@mail.com,stored,Maize,2024-02-08,2024-05-08,161,4025,90,38,18354.0,partial,51,0,2024-05-08,-18354.0
698,Customer_698,customer698@mail.com,sold,Millet,2023-11-27,2023-12-12,22,550,15,44,484.0,partial,51,0,2023-12-12,-484.0
1914,Customer_1914,customer1914@mail.com,stored,Wheat,2023-07-03,2023-12-02,112,2800,152,59,33480.53,no,37,103600,2023-12-02,70119.47
473,Customer_473,customer473@mail.com,sold,Maize,2024-01-16,2024-02-19,52,2600,34,54,3182.4,yes,27,0,2024-02-19,-3182.4
391,Customer_391,customer391@mail.com,storing,Rice,2023-03-14,2023-08-01,103,2575,140,50,24033.33,no,27,69525,2023-08-01,45491.67
1767,Customer_1767,customer1767@mail.com,sold,Barley,2023-09-14,2024-01-19,115,2875,127,24,11684.0,partial,41,0,2024-01-19,-11684.0
1890,Customer_1890,customer1890@mail.com,stored,Maize,2024-01-21,2024-07-16,138,3450,177,47,38267.4,no,35,120750,2024-07-16,82482.6
1025,Customer_1025,customer1025@mail.com,storing,Rice,2023-06-26,2023-11-28,91,4550,155,42,19747.0,yes,51,0,2023-11-28,-19747.0
814,Customer_814,customer814@mail.com,sold,Sorghum,2023-03-20,2023-06-10,113,2825,82,57,17605.4,no,31,87575,2023-06-10,69969.6
832,Customer_832,customer832@mail.com,stored,Rice,2023-09-16,2023-11-20,77,1925,65,43,7173.83,partial,40,77000,2023-11-20,69826.17
1581,Customer_1581,customer1581@mail.com,storing,Millet,2023-02-01,2023-06-11,132,6600,130,58,33176.0,yes,33,0,2023-06-11,-33176.0
1487,Customer_1487,customer1487@mail.com,storing,Sorghum,2024-03-31,2024-05-17,104,5200,47,24,3910.4,no,25,130000,2024-05-17,126089.6
1968,Customer_1968,customer1968@mail.com,stored,Maize,2024-03-06,2024-05-11,191,4775,66,34,14286.8,partial,34,162350,2024-05-11,148063.2
1061,Customer_1061,customer1061@mail.com,stored,Rice,2024-02-22,2024-06-29,80,2000,128,25,8533.33,no,25,0,2024-06-29,-8533.33
430,Customer_430,customer430@mail.com,stored,Barley,2024-03-01,2024-06-22,135,3375,113,58,29493.0,partial,55,0,2024-06-22,-29493.0
1270,Customer_1270,customer1270@mail.com,storing,Barley,2024-08-16,2024-10-01,50,1250,46,48,3680.0,partial,29,0,2024-10-01,-3680.0
172,Customer_172,customer172@mail.com,stored,Barley,2024-05-09,2024-08-19,88,4400,102,29,8676.8,no,47,0,2024-08-19,-8676.8
1107,Customer_1107,customer1107@mail.com,storing,Millet,2023-04-12,2023-06-10,41,1025,59,58,4676.73,partial,38,38950,2023-06-10,34273.27
199,Customer_199,customer199@mail.com,sold,Maize,2023-10-06,2024-01-13,11,550,99,37,1343.1,yes,36,0,2024-01-13,-1343.1
528,Customer_528,customer528@mail.com,stored,Maize,2024-05-19,2024-08-22,142,7100,95,33,14839.0,no,39,276900,2024-08-22,262061.0
1678,Customer_1678,customer1678@mail.com,storing,Barley,2024-03-06,2024-07-21,60,3000,137,40,10960.0,no,34,102000,2024-07-21,91040.0
1506,Customer_1506,customer1506@mail.com,sold,Millet,2023-09-19,2024-01-16,166,8300,119,40,26338.67,no,29,0,2024-01-16,-26338.67
123,Customer_123,customer123@mail.com,sold,Millet,2023-01-27,2023-05-09,85,2125,102,36,10404.0,yes,32,68000,2023-05-09,57596.0
1130,Customer_1130,customer1130@mail.com,sold,Sorghum,2023-04-04,2023-07-31,57,2850,118,45,10089.0,yes,31,88350,2023-07-31,78261.0
691,Customer_691,customer691@mail.com,sold,Rice,2023-10-10,2024-02-06,61,1525,119,55,13308.17,yes,54,0,2024-02-06,-13308.17
675,Customer_675,customer675@mail.com,stored,Wheat,2024-03-02,2024-05-12,11,550,71,55,1431.83,no,44,24200,2024-05-12,22768.17
1234,Customer_1234,customer1234@mail.com,stored,Rice,2023-02-07,2023-02-17,179,4475,10,49,2923.67,no,53,0,2023-02-17,-2923.67
992,Customer_992,customer992@mail.com,stored,Maize,2024-06-24,2024-08-27,11,275,64,21,492.8,partial,33,0,2024-08-27,-492.8
1857,Customer_1857,customer1857@mail.com,stored,Maize,2023-05-09,2023-10-04,140,3500,148,57,39368.0,no,33,0,2023-10-04,-39368.0
1793,Customer_1793,customer1793@mail.com,sold,Rice,2024-01-18,2024-07-06,130,6500,170,37,27256.67,yes,55,0,2024-07-06,-27256.67
1527,Customer_1527,customer1527@mail.com,storing,Millet,2024-08-19,2025-01-24,126,6300,158,53,35170.8,partial,47,0,2025-01-24,-35170.8
1653,Customer_1653,customer1653@mail.com,stored,Rice,2023-05-27,2023-08-24,51,1275,89,52,7867.6,partial,55,0,2023-08-24,-7867.6
1172,Customer_1172,customer1172@mail.com,stored,Barley,2024-04-25,2024-10-20,182,4550,178,50,53993.33,yes,37,0,2024-10-20,-53993.33
1353,Customer_1353,customer1353@mail.com,storing,Rice,2023-12-27,2024-04-14,87,2175,109,55,17385.5,no,37,0,2024-04-14,-17385.5
914,Customer_914,customer914@mail.com,storing,Sorghum,2023-07-02,2023-11-04,47,2350,125,41,8029.17,partial,39,0,2023-11-04,-8029.17
882,Customer_882,customer882@mail.com,stored,Wheat,2024-05-22,2024-08-27,18,450,97,53,3084.6,yes,44,0,2024-08-27,-3084.6
719,Customer_719,customer719@mail.com,sold,Maize,2023-12-25,2024-01-22,117,5850,28,49,5350.8,yes,40,0,2024-01-22,-5350.8
453,Customer_453,customer453@mail.com,sold,Millet,2023-06-19,2023-11-09,186,4650,143,32,28371.2,yes,43,0,2023-11-09,-28371.2
1197,Customer_1197,customer1197@mail.com,sold,Maize,2024-03-27,2024-08-30,47,2350,156,40,9776.0,no,43,101050,2024-08-30,91274.0
1133,Customer_1133,customer1133@mail.com,stored,Wheat,2023-12-05,2024-04-23,20,1000,140,31,2893.33,yes,35,0,2024-04-23,-2893.33
1538,Customer_1538,customer1538@mail.com,sold,Millet,2023-10-03,2023-11-25,56,2800,53,34,3363.73,partial,25,0,2023-11-25,-3363.73
547,Customer_547,customer547@mail.com,sold,Rice,2024-06-21,2024-11-04,77,1925,136,33,11519.2,yes,43,82775,2024-11-04,71255.8
368,Customer_368,customer368@mail.com,stored,Barley,2024-07-05,2024-12-16,41,2050,164,23,5155.07,no,26,53300,2024-12-16,48144.93
1556,Customer_1556,customer1556@mail.com,storing,Wheat,2024-02-19,2024-03-18,103,2575,28,57,5479.6,yes,49,126175,2024-03-18,120695.4
1807,Customer_1807,customer1807@mail.com,stored,Barley,2023-12-17,2024-01-10,55,2750,24,51,2244.0,partial,30,0,2024-01-10,-2244.0
1153,Customer_1153,customer1153@mail.com,sold,Wheat,2024-06-07,2024-10-06,187,4675,121,47,35448.97,no,50,233750,2024-10-06,198301.03
1297,Customer_1297,customer1297@mail.com,sold,Rice,2023-08-29,2024-01-30,164,8200,154,28,23572.27,yes,52,426400,2024-01-30,402827.73
197,Customer_197,customer197@mail.com,stored,Millet,2024-03-22,2024-05-10,97,4850,49,34,5386.73,partial,44,0,2024-05-10,-5386.73
1855,Customer_1855,customer1855@mail.com,storing,Rice,2023-05-04,2023-07-30,34,1700,87,46,4535.6,partial,39,0,2023-07-30,-4535.6
1772,Customer_1772,customer1772@mail.com,stored,Maize,2023-01-27,2023-02-07,170,4250,11,39,2431.0,yes,27,114750,2023-02-07,112319.0
1991,Customer_1991,customer1991@mail.com,storing,Sorghum,2023-06-04,2023-11-30,198,9900,179,57,67339.8,yes,27,0,2023-11-30,-67339.8
1654,Customer_1654,customer1654@mail.com,storing,Millet,2023-10-02,2023-12-04,180,9000,63,38,14364.0,no,32,0,2023-12-04,-14364.0
1150,Customer_1150,customer1150@mail.com,sold,Maize,2023-08-23,2023-10-10,160,4000,48,24,6144.0,no,39,156000,2023-10-10,149856.0
665,Customer_665,customer665@mail.com,storing,Millet,2023-06-12,2023-08-27,66,1650,76,43,7189.6,partial,26,42900,2023-08-27,35710.4
849,Customer_849,customer849@mail.com,stored,Millet,2023-06-05,2023-11-15,174,4350,163,30,28362.0,no,27,0,2023-11-15,-28362.0
105,Customer_105,customer105@mail.com,storing,Wheat,2023-10-09,2023-12-27,92,2300,79,37,8963.87,partial,25,57500,2023-12-27,48536.13
1331,Customer_1331,customer1331@mail.com,stored,Sorghum,2023-01-02,2023-01-22,122,6100,20,60,4880.0,partial,35,0,2023-01-22,-4880.0
699,Customer_699,customer699@mail.com,sold,Barley,2023-12-16,2024-03-26,82,2050,101,53,14631.53,partial,35,71750,2024-03-26,57118.47
1973,Customer_1973,customer1973@mail.com,sold,Rice,2024-06-11,2024-08-19,58,1450,69,21,2801.4,no,31,0,2024-08-19,-2801.4
922,Customer_922,customer922@mail.com,storing,Maize,2023-10-29,2023-12-18,128,3200,50,40,8533.33,partial,52,166400,2023-12-18,157866.67
1907,Customer_1907,customer1907@mail.com,storing,Barley,2023-01-10,2023-03-28,149,3725,77,44,16827.07,partial,34,126650,2023-03-28,109822.93
2000,Customer_2000,customer2000@mail.com,sold,Rice,2023-03-09,2023-06-18,58,1450,101,36,7029.6,partial,35,50750,2023-06-18,43720.4
876,Customer_876,customer876@mail.com,storing,Millet,2023-06-17,2023-11-09,170,8500,145,35,28758.33,no,52,442000,2023-11-09,413241.67
1896,Customer_1896,customer1896@mail.com,sold,Millet,2024-02-01,2024-04-21,150,3750,80,53,21200.0,no,32,0,2024-04-21,-21200.0
1504,Customer_1504,customer1504@mail.com,sold,Rice,2024-03-26,2024-04-07,168,4200,12,38,2553.6,yes,48,0,2024-04-07,-2553.6
1605,Customer_1605,customer1605@mail.com,stored,Barley,2023-09-20,2024-03-05,79,3950,167,60,26386.0,partial,33,0,2024-03-05,-26386.0
1180,Customer_1180,customer1180@mail.com,stored,Wheat,2023-08-07,2023-10-30,107,5350,84,25,7490.0,yes,54,0,2023-10-30,-7490.0
1898,Customer_1898,customer1898@mail.com,stored,Sorghum,2023-03-24,2023-07-19,194,4850,117,36,27237.6,no,40,0,2023-07-19,-27237.6
524,Customer_524,customer524@mail.com,storing,Wheat,2023-10-18,2024-03-04,124,6200,138,50,28520.0,partial,27,167400,2024-03-04,138880.0
496,Customer_496,customer496@mail.com,stored,Millet,2023-02-12,2023-08-01,164,8200,170,57,52972.0,no,36,295200,2023-08-01,242228.0
1082,Customer_1082,customer1082@mail.com,sold,Maize,2023-01-09,2023-01-21,74,1850,12,35,1036.0,no,35,0,2023-01-21,-1036.0
1706,Customer_1706,customer1706@mail.com,sold,Rice,2024-01-05,2024-06-21,150,7500,168,29,24360.0,yes,31,232500,2024-06-21,208140.0
1753,Customer_1753,customer1753@mail.com,stored,Maize,2024-03-23,2024-04-18,184,4600,26,55,8770.67,partial,50,230000,2024-04-18,221229.33
426,Customer_426,customer426@mail.com,storing,Rice,2023-08-04,2024-01-14,63,1575,163,51,17457.3,partial,35,0,2024-01-14,-17457.3
1714,Customer_1714,customer1714@mail.com,stored,Rice,2024-02-13,2024-07-15,89,4450,153,55,24964.5,partial,39,0,2024-07-15,-24964.5
389,Customer_389,customer389@mail.com,sold,Millet,2024-03-09,2024-04-08,107,2675,30,21,2247.0,partial,55,147125,2024-04-08,144878.0
199,Customer_199,customer199@mail.com,stored,Sorghum,2024-02-07,2024-06-29,72,1800,143,51,17503.2,yes,54,0,2024-06-29,-17503.2
1651,Customer_1651,customer1651@mail.com,sold,Barley,2023-01-21,2023-04-19,17,425,88,24,1196.8,yes,49,0,2023-04-19,-1196.8
1786,Customer_1786,customer1786@mail.com,sold,Millet,2023-01-26,2023-06-25,80,2000,150,34,13600.0,partial,28,0,2023-06-25,-13600.0
1130,Customer_1130,customer1130@mail.com,sold,Millet,2023-06-14,2023-09-30,62,3100,108,35,7812.0,partial,41,0,2023-09-30,-7812.0
1325,Customer_1325,customer1325@mail.com,sold,Rice,2023-11-08,2024-02-08,61,3050,92,42,7856.8,partial,47,143350,2024-02-08,135493.2
548,Customer_548,customer548@mail.com,sold,Barley,2024-03-14,2024-07-12,180,4500,120,21,15120.0,partial,42,0,2024-07-12,-15120.0
1077,Customer_1077,customer1077@mail.com,stored,Rice,2023-12-30,2024-06-20,70,1750,173,30,12110.0,partial,28,0,2024-06-20,-12110.0
7,Customer_7,customer7@mail.com,storing,Barley,2024-03-11,2024-08-13,79,1975,155,51,20816.5,partial,30,59250,2024-08-13,38433.5
221,Customer_221,customer221@mail.com,stored,Millet,2024-05-22,2024-09-30,19,475,131,30,2489.0,yes,47,0,2024-09-30,-2489.0
376,Customer_376,customer376@mail.com,sold,Millet,2024-05-18,2024-09-25,160,4000,130,55,38133.33,yes,38,152000,2024-09-25,113866.67
16,Customer_16,customer16@mail.com,stored,Millet,2024-07-06,2024-10-22,192,9600,108,50,34560.0,yes,35,336000,2024-10-22,301440.0
33,Customer_33,customer33@mail.com,stored,Barley,2024-04-29,2024-08-13,131,6550,106,26,12034.53,partial,26,0,2024-08-13,-12034.53
50,Customer_50,customer50@mail.com,stored,Barley,2024-02-17,2024-06-08,37,925,112,30,4144.0,yes,41,0,2024-06-08,-4144.0
340,Customer_340,customer340@mail.com,sold,Wheat,2023-01-24,2023-06-14,12,300,141,31,1748.4,yes,30,9000,2023-06-14,7251.6
460,Customer_460,customer460@mail.com,stored,Rice,2024-03-06,2024-04-17,115,2875,42,58,9338.0,no,45,129375,2024-04-17,120037.0
1576,Customer_1576,customer1576@mail.com,stored,Sorghum,2023-01-07,2023-02-02,94,2350,26,37,3014.27,yes,54,0,2023-02-02,-3014.27
1613,Customer_1613,customer1613@mail.com,storing,Wheat,2023-12-25,2024-03-09,196,4900,75,37,18130.0,yes,45,0,2024-03-09,-18130.0
1065,Customer_1065,customer1065@mail.com,storing,Maize,2024-03-05,2024-07-19,84,4200,136,50,19040.0,partial,43,0,2024-07-19,-19040.0
298,Customer_298,customer298@mail.com,stored,Rice,2023-12-04,2024-02-07,168,8400,65,35,12740.0,no,26,0,2024-02-07,-12740.0
960,Customer_960,customer960@mail.com,sold,Barley,2023-04-04,2023-09-19,88,2200,168,36,17740.8,partial,39,85800,2023-09-19,68059.2
454,Customer_454,customer454@mail.com,sold,Millet,2023-12-03,2024-02-10,184,9200,69,33,13965.6,no,38,349600,2024-02-10,335634.4
1867,Customer_1867,customer1867@mail.com,sold,Wheat,2023-12-27,2024-05-11,61,3050,136,55,15209.33,no,25,0,2024-05-11,-15209.33
268,Customer_268,customer268@mail.com,storing,Millet,2024-07-08,2024-08-29,173,4325,52,44,13194.13,partial,33,0,2024-08-29,-13194.13
1980,Customer_1980,customer1980@mail.com,storing,Millet,2024-05-24,2024-09-16,79,1975,115,49,14838.83,yes,27,0,2024-09-16,-14838.83
1302,Customer_1302,customer1302@mail.com,stored,Millet,2023-07-26,2023-12-18,37,925,145,33,5901.5,partial,30,0,2023-12-18,-5901.5
1334,Customer_1334,customer1334@mail.com,storing,Millet,2024-07-09,2024-08-15,102,2550,37,48,6038.4,no,40,0,2024-08-15,-6038.4
1317,Customer_1317,customer1317@mail.com,stored,Millet,2024-04-09,2024-08-16,125,3125,129,24,12900.0,yes,28,0,2024-08-16,-12900.0
565,Customer_565,customer565@mail.com,stored,Millet,2024-08-11,2024-09-13,105,2625,33,30,3465.0,partial,33,86625,2024-09-13,83160.0
522,Customer_522,customer522@mail.com,sold,Maize,2023-01-08,2023-03-30,165,4125,81,43,19156.5,partial,52,0,2023-03-30,-19156.5
1867,Customer_1867,customer1867@mail.com,storing,Millet,2023-02-18,2023-07-03,173,8650,135,37,28804.5,no,35,302750,2023-07-03,273945.5
214,Customer_214,customer214@mail.com,sold,Maize,2024-04-16,2024-06-02,38,950,47,47,2798.07,partial,36,34200,2024-06-02,31401.93
637,Customer_637,customer637@mail.com,sold,Maize,2023-05-26,2023-06-11,174,8700,16,27,2505.6,partial,36,0,2023-06-11,-2505.6
1444,Customer_1444,customer1444@mail.com,stored,Wheat,2024-04-10,2024-05-29,150,3750,49,41,10045.0,no,38,142500,2024-05-29,132455.0
1896,Customer_1896,customer1896@mail.com,stored,Rice,2023-10-09,2023-10-30,100,5000,21,48,3360.0,yes,53,0,2023-10-30,-3360.0
1168,Customer_1168,customer1168@mail.com,sold,Rice,2023-06-24,2023-10-27,77,3850,125,27,8662.5,yes,53,0,2023-10-27,-8662.5
765,Customer_765,customer765@mail.com,storing,Maize,2024-02-05,2024-02-20,165,4125,15,31,2557.5,yes,39,160875,2024-02-20,158317.5
959,Customer_959,customer959@mail.com,stored,Millet,2024-07-23,2024-09-17,51,2550,56,33,3141.6,no,41,104550,2024-09-17,101408.4
1652,Customer_1652,customer1652@mail.com,sold,Rice,2023-05-13,2023-08-30,95,4750,109,56,19329.33,partial,28,0,2023-08-30,-19329.33
444,Customer_444,customer444@mail.com,storing,Millet,2024-08-01,2025-01-13,117,5850,165,24,15444.0,yes,55,0,2025-01-13,-15444.0
141,Customer_141,customer141@mail.com,stored,Rice,2023-07-26,2023-10-15,22,1100,81,45,2673.0,no,37,40700,2023-10-15,38027.0
1590,Customer_1590,customer1590@mail.com,sold,Millet,2024-04-29,2024-05-24,115,5750,25,22,2108.33,partial,41,235750,2024-05-24,233641.67
1298,Customer_1298,customer1298@mail.com,storing,Maize,2023-06-29,2023-10-30,17,850,123,25,1742.5,no,32,27200,2023-10-30,25457.5
1689,Customer_1689,customer1689@mail.com,sold,Sorghum,2023-06-21,2023-12-15,161,4025,177,55,52244.5,no,54,217350,2023-12-15,165105.5
704,Customer_704,customer704@mail.com,stored,Millet,2024-01-09,2024-04-20,117,2925,102,54,21481.2,partial,54,0,2024-04-20,-21481.2
1382,Customer_1382,customer1382@mail.com,storing,Wheat,2023-05-10,2023-10-08,150,7500,151,58,43790.0,yes,53,397500,2023-10-08,353710.0
60,Customer_60,customer60@mail.com,storing,Wheat,2023-10-22,2024-04-02,195,9750,163,23,24368.5,no,46,448500,2024-04-02,424131.5
1392,Customer_1392,customer1392@mail.com,sold,Wheat,2023-06-07,2023-10-17,144,7200,132,37,23443.2,partial,47,338400,2023-10-17,314956.8
1497,Customer_1497,customer1497@mail.com,stored,Barley,2024-02-28,2024-05-08,108,5400,70,58,14616.0,no,37,199800,2024-05-08,185184.0
163,Customer_163,customer163@mail.com,stored,Barley,2024-04-18,2024-08-13,182,4550,117,38,26972.4,yes,35,0,2024-08-13,-26972.4
752,Customer_752,customer752@mail.com,sold,Wheat,2023-01-09,2023-02-18,192,4800,40,52,13312.0,partial,30,0,2023-02-18,-13312.0
426,Customer_426,customer426@mail.com,storing,Sorghum,2023-04-04,2023-09-07,184,9200,156,49,46883.2,no,52,0,2023-09-07,-46883.2
1774,Customer_1774,customer1774@mail.com,sold,Millet,2023-07-16,2023-12-24,15,750,161,59,4749.5,yes,55,0,2023-12-24,-4749.5
1332,Customer_1332,customer1332@mail.com,stored,Millet,2023-11-25,2024-01-06,72,1800,42,51,5140.8,partial,27,0,2024-01-06,-5140.8
1526,Customer_1526,customer1526@mail.com,storing,Maize,2024-01-08,2024-03-31,13,325,83,34,1222.87,yes,30,0,2024-03-31,-1222.87
1421,Customer_1421,customer1421@mail.com,sold,Maize,2023-10-31,2024-04-14,151,7550,166,27,22559.4,yes,43,324650,2024-04-14,302090.6
1702,Customer_1702,customer1702@mail.com,stored,Rice,2023-08-16,2023-10-28,36,1800,73,43,3766.8,yes,46,0,2023-10-28,-3766.8
126,Customer_126,customer126@mail.com,storing,Maize,2023-05-04,2023-08-29,161,4025,117,50,31395.0,no,30,0,2023-08-29,-31395.0
932,Customer_932,customer932@mail.com,stored,Maize,2024-07-05,2024-10-08,36,1800,95,44,5016.0,yes,51,91800,2024-10-08,86784.0
710,Customer_710,customer710@mail.com,stored,Rice,2023-11-02,2024-03-29,44,2200,148,46,9985.07,partial,51,0,2024-03-29,-9985.07
348,Customer_348,customer348@mail.com,stored,Millet,2023-05-21,2023-09-28,158,3950,130,26,17801.33,yes,55,0,2023-09-28,-17801.33
948,Customer_948,customer948@mail.com,sold,Barley,2024-01-14,2024-04-14,89,2225,91,59,15928.03,no,46,102350,2024-04-14,86421.97
1191,Customer_1191,customer1191@mail.com,storing,Maize,2023-10-16,2023-10-30,41,1025,14,41,784.47,yes,45,0,2023-10-30,-784.47
737,Customer_737,customer737@mail.com,storing,Wheat,2023-11-14,2023-12-23,30,1500,39,35,1365.0,partial,32,48000,2023-12-23,46635.0
1085,Customer_1085,customer1085@mail.com,sold,Millet,2023-12-10,2024-04-09,56,2800,121,32,7227.73,yes,44,0,2024-04-09,-7227.73
1420,Customer_1420,customer1420@mail.com,storing,Millet,2023-04-30,2023-10-20,12,600,173,40,2768.0,no,51,0,2023-10-20,-2768.0
1132,Customer_1132,customer1132@mail.com,storing,Maize,2023-08-24,2023-09-04,155,7750,11,54,3069.0,no,33,255750,2023-09-04,252681.0
104,Customer_104,customer104@mail.com,stored,Sorghum,2024-04-12,2024-06-02,34,850,51,25,1445.0,no,42,35700,2024-06-02,34255.0
157,Customer_157,customer157@mail.com,sold,Rice,2023-06-26,2023-10-21,133,6650,117,52,26972.4,no,25,166250,2023-10-21,139277.6
1671,Customer_1671,customer1671@mail.com,storing,Barley,2024-04-21,2024-07-27,54,2700,97,55,9603.0,partial,45,0,2024-07-27,-9603.0
971,Customer_971,customer971@mail.com,storing,Wheat,2023-05-07,2023-10-22,59,2950,168,51,16850.4,no,39,0,2023-10-22,-16850.4
1031,Customer_1031,customer1031@mail.com,stored,Millet,2023-03-26,2023-08-14,51,2550,141,57,13662.9,no,32,81600,2023-08-14,67937.1
1095,Customer_1095,customer1095@mail.com,storing,Maize,2023-09-10,2024-02-07,183,4575,150,22,20130.0,partial,34,0,2024-02-07,-20130.0
415,Customer_415,customer415@mail.com,stored,Millet,2024-08-08,2025-01-20,171,4275,165,36,33858.0,yes,49,209475,2025-01-20,175617.0
226,Customer_226,customer226@mail.com,storing,Sorghum,2023-02-08,2023-04-16,186,9300,67,34,14123.6,no,26,241800,2023-04-16,227676.4
76,Customer_76,customer76@mail.com,sold,Barley,2023-08-05,2023-10-16,185,4625,72,53,23532.0,partial,37,0,2023-10-16,-23532.0
1166,Customer_1166,customer1166@mail.com,storing,Millet,2024-05-19,2024-10-23,99,2475,157,42,21760.2,no,32,79200,2024-10-23,57439.8
10,Customer_10,customer10@mail.com,stored,Barley,2024-03-22,2024-05-08,112,5600,47,52,9124.27,yes,36,201600,2024-05-08,192475.73
637,Customer_637,customer637@mail.com,stored,Rice,2023-05-10,2023-10-04,34,850,147,29,4831.4,partial,52,44200,2023-10-04,39368.6
1373,Customer_1373,customer1373@mail.com,sold,Maize,2024-08-05,2024-08-31,140,3500,26,25,3033.33,yes,47,164500,2024-08-31,161466.67
14,Customer_14,customer14@mail.com,storing,Barley,2023-08-16,2023-10-07,191,9550,52,36,11918.4,partial,53,506150,2023-10-07,494231.6
1577,Customer_1577,customer1577@mail.com,sold,Barley,2023-06-08,2023-07-09,117,2925,31,32,3868.8,partial,26,0,2023-07-09,-3868.8
1288,Customer_1288,customer1288@mail.com,storing,Rice,2023-07-08,2023-10-29,10,250,113,48,1808.0,no,47,11750,2023-10-29,9942.0
1791,Customer_1791,customer1791@mail.com,storing,Maize,2024-02-14,2024-06-27,144,3600,134,48,30873.6,partial,30,0,2024-06-27,-30873.6
1674,Customer_1674,customer1674@mail.com,sold,Barley,2023-03-31,2023-06-01,75,3750,62,42,6510.0,partial,40,150000,2023-06-01,143490.0
1086,Customer_1086,customer1086@mail.com,stored,Wheat,2023-11-12,2024-05-06,55,2750,176,40,12906.67,partial,29,0,2024-05-06,-12906.67
1094,Customer_1094,customer1094@mail.com,storing,Sorghum,2023-04-12,2023-05-30,83,2075,48,28,3718.4,yes,44,91300,2023-05-30,87581.6
1087,Customer_1087,customer1087@mail.com,sold,Millet,2023-06-14,2023-12-09,86,4300,178,47,23982.53,partial,28,0,2023-12-09,-23982.53
203,Customer_203,customer203@mail.com,sold,Rice,2023-05-13,2023-09-28,165,4125,138,51,38709.0,partial,55,226875,2023-09-28,188166.0
932,Customer_932,customer932@mail.com,sold,Wheat,2023-05-02,2023-10-22,83,2075,173,33,15794.9,partial,48,99600,2023-10-22,83805.1
644,Customer_644,customer644@mail.com,stored,Wheat,2023-10-25,2024-03-23,158,3950,150,22,17380.0,yes,31,122450,2024-03-23,105070.0
1405,Customer_1405,customer1405@mail.com,stored,Rice,2023-04-28,2023-09-24,148,7400,149,55,40428.67,yes,34,251600,2023-09-24,211171.33
975,Customer_975,customer975@mail.com,sold,Millet,2023-02-28,2023-05-04,135,3375,65,37,10822.5,yes,34,0,2023-05-04,-10822.5
563,Customer_563,customer563@mail.com,storing,Rice,2024-01-01,2024-01-26,94,4700,25,35,2741.67,partial,50,235000,2024-01-26,232258.33
1812,Customer_1812,customer1812@mail.com,stored,Maize,2023-09-05,2023-11-15,87,4350,71,25,5147.5,no,51,221850,2023-11-15,216702.5
840,Customer_840,customer840@mail.com,sold,Sorghum,2023-02-02,2023-06-02,116,5800,120,28,12992.0,no,34,197200,2023-06-02,184208.0
817,Customer_817,customer817@mail.com,sold,Barley,2023-02-09,2023-03-06,197,4925,25,40,6566.67,yes,53,0,2023-03-06,-6566.67
374,Customer_374,customer374@mail.com,stored,Wheat,2023-04-18,2023-08-27,100,5000,131,47,20523.33,yes,53,265000,2023-08-27,244476.67
1062,Customer_1062,customer1062@mail.com,storing,Rice,2023-01-28,2023-06-08,140,3500,131,21,12838.0,no,47,0,2023-06-08,-12838.0
187,Customer_187,customer187@mail.com,stored,Millet,2024-08-19,2024-09-14,107,5350,26,47,4358.47,partial,50,267500,2024-09-14,263141.53
268,Customer_268,customer268@mail.com,sold,Maize,2023-12-08,2024-01-11,195,9750,34,57,12597.0,no,45,438750,2024-01-11,426153.0
67,Customer_67,customer67@mail.com,stored,Barley,2023-09-18,2024-03-08,89,2225,172,38,19390.13,partial,27,0,2024-03-08,-19390.13
77,Customer_77,customer77@mail.com,storing,Rice,2023-10-22,2023-12-11,200,10000,50,35,11666.67,partial,48,0,2023-12-11,-11666.67
741,Customer_741,customer741@mail.com,sold,Rice,2023-02-11,2023-04-18,155,3875,66,30,10230.0,no,41,0,2023-04-18,-10230.0
1391,Customer_1391,customer1391@mail.com,sold,Sorghum,2023-01-18,2023-05-15,182,9100,117,20,14196.0,partial,32,291200,2023-05-15,277004.0
16,Customer_16,customer16@mail.com,stored,Barley,2023-06-13,2023-07-22,105,5250,39,33,4504.5,partial,35,183750,2023-07-22,179245.5
780,Customer_780,customer780@mail.com,storing,Millet,2023-10-05,2024-02-16,28,700,134,60,7504.0,no,47,32900,2024-02-16,25396.0
533,Customer_533,customer533@mail.com,stored,Rice,2023-08-18,2023-11-19,184,9200,93,44,25097.6,no,47,432400,2023-11-19,407302.4
600,Customer_600,customer600@mail.com,stored,Sorghum,2023-10-03,2023-12-03,18,450,61,22,805.2,yes,43,0,2023-12-03,-805.2
1534,Customer_1534,customer1534@mail.com,sold,Wheat,2023-10-11,2024-01-29,31,1550,110,54,6138.0,yes,45,69750,2024-01-29,63612.0
1325,Customer_1325,customer1325@mail.com,stored,Barley,2023-03-02,2023-07-14,30,750,134,24,3216.0,yes,43,32250,2023-07-14,29034.0
1807,Customer_1807,customer1807@mail.com,sold,Millet,2023-01-21,2023-06-26,42,1050,156,38,8299.2,partial,27,0,2023-06-26,-8299.2
1407,Customer_1407,customer1407@mail.com,sold,Barley,2024-04-18,2024-10-02,23,575,167,48,6145.6,yes,34,19550,2024-10-02,13404.4
594,Customer_594,customer594@mail.com,sold,Maize,2024-08-07,2024-11-19,164,8200,104,30,17056.0,partial,37,303400,2024-11-19,286344.0
682,Customer_682,customer682@mail.com,stored,Wheat,2023-05-12,2023-06-07,25,1250,26,22,476.67,partial,42,52500,2023-06-07,52023.33
664,Customer_664,customer664@mail.com,sold,Maize,2023-06-26,2023-09-16,71,3550,82,57,11061.8,no,31,110050,2023-09-16,98988.2
1579,Customer_1579,customer1579@mail.com,storing,Sorghum,2023-06-11,2023-08-20,46,1150,70,46,4937.33,no,52,0,2023-08-20,-4937.33
421,Customer_421,customer421@mail.com,storing,Millet,2024-03-12,2024-07-28,119,2975,138,56,30654.4,partial,34,101150,2024-07-28,70495.6
731,Customer_731,customer731@mail.com,stored,Millet,2024-01-27,2024-04-03,89,4450,67,45,8944.5,partial,53,0,2024-04-03,-8944.5
1840,Customer_1840,customer1840@mail.com,stored,Rice,2024-01-24,2024-03-24,100,2500,60,20,4000.0,partial,29,0,2024-03-24,-4000.0
927,Customer_927,customer927@mail.com,sold,Maize,2023-04-28,2023-10-12,30,1500,167,25,4175.0,yes,51,76500,2023-10-12,72325.0
949,Customer_949,customer949@mail.com,sold,Maize,2023-10-10,2024-02-10,49,1225,123,35,7031.5,partial,41,0,2024-02-10,-7031.5
1201,Customer_1201,customer1201@mail.com,storing,Maize,2023-12-22,2024-02-09,76,3800,49,58,7199.73,yes,45,171000,2024-02-09,163800.27
1478,Customer_1478,customer1478@mail.com,stored,Barley,2024-08-15,2024-11-18,151,7550,95,37,17692.17,no,55,0,2024-11-18,-17692.17
443,Customer_443,customer443@mail.com,sold,Sorghum,2024-03-21,2024-06-18,105,2625,89,40,12460.0,no,31,0,2024-06-18,-12460.0
1489,Customer_1489,customer1489@mail.com,sold,Sorghum,2024-07-29,2024-09-16,151,7550,49,38,9372.07,yes,42,317100,2024-09-16,307727.93
1607,Customer_1607,customer1607@mail.com,stored,Wheat,2023-10-06,2024-01-21,106,2650,107,37,13988.47,no,46,121900,2024-01-21,107911.53
974,Customer_974,customer974@mail.com,sold,Barley,2024-07-21,2025-01-07,10,500,170,56,3173.33,partial,46,0,2025-01-07,-3173.33
1578,Customer_1578,customer1578@mail.com,sold,Rice,2024-01-14,2024-07-11,115,2875,179,54,37053.0,yes,39,0,2024-07-11,-37053.0
1999,Customer_1999,customer1999@mail.com,stored,Maize,2023-08-01,2024-01-10,83,2075,162,38,17031.6,partial,29,0,2024-01-10,-17031.6
1753,Customer_1753,customer1753@mail.com,sold,Millet,2024-08-20,2024-12-16,120,6000,118,58,27376.0,partial,28,168000,2024-12-16,140624.0
1913,Customer_1913,customer1913@mail.com,stored,Sorghum,2024-02-15,2024-04-14,84,2100,59,56,9251.2,yes,25,52500,2024-04-14,43248.8
549,Customer_549,customer549@mail.com,storing,Millet,2023-09-20,2023-12-11,17,850,82,30,1394.0,partial,26,22100,2023-12-11,20706.0
1763,Customer_1763,customer1763@mail.com,sold,Barley,2024-08-01,2024-09-29,34,850,59,42,2808.4,no,38,32300,2024-09-29,29491.6
501,Customer_501,customer501@mail.com,stored,Maize,2023-10-21,2024-03-08,183,4575,139,40,33916.0,no,39,0,2024-03-08,-33916.0
55,Customer_55,customer55@mail.com,stored,Sorghum,2024-07-01,2024-10-19,54,2700,110,42,8316.0,yes,47,126900,2024-10-19,118584.0
258,Customer_258,customer258@mail.com,storing,Sorghum,2024-05-17,2024-07-03,52,2600,47,30,2444.0,partial,35,91000,2024-07-03,88556.0
1950,Customer_1950,customer1950@mail.com,storing,Rice,2023-08-01,2023-09-26,63,1575,56,33,3880.8,yes,33,0,2023-09-26,-3880.8
1133,Customer_1133,customer1133@mail.com,stored,Barley,2023-09-28,2023-10-16,11,275,18,37,244.2,yes,55,0,2023-10-16,-244.2
683,Customer_683,customer683@mail.com,stored,Maize,2024-03-15,2024-03-28,103,2575,13,55,2454.83,no,50,128750,2024-03-28,126295.17
1791,Customer_1791,customer1791@mail.com,sold,Barley,2023-03-19,2023-06-05,137,6850,78,27,9617.4,no,54,0,2023-06-05,-9617.4
417,Customer_417,customer417@mail.com,stored,Millet,2024-03-03,2024-07-14,142,7100,133,38,23922.27,yes,26,184600,2024-07-14,160677.73
684,Customer_684,customer684@mail.com,sold,Barley,2024-06-08,2024-07-05,101,2525,27,36,3272.4,no,36,90900,2024-07-05,87627.6
330,Customer_330,customer330@mail.com,storing,Maize,2023-01-26,2023-05-21,79,1975,115,34,10296.33,no,51,100725,2023-05-21,90428.67
1210,Customer_1210,customer1210@mail.com,sold,Millet,2023-07-28,2023-11-14,167,4175,109,37,22450.37,yes,46,192050,2023-11-14,169599.63
344,Customer_344,customer344@mail.com,storing,Maize,2023-10-30,2024-01-07,117,2925,69,40,10764.0,no,35,0,2024-01-07,-10764.0
841,Customer_841,customer841@mail.com,sold,Barley,2023-03-03,2023-04-16,28,1400,44,22,903.47,no,31,0,2023-04-16,-903.47
800,Customer_800,customer800@mail.com,storing,Sorghum,2024-04-02,2024-07-29,97,2425,118,20,7630.67,no,29,0,2024-07-29,-7630.67
1651,Customer_1651,customer1651@mail.com,stored,Maize,2024-02-10,2024-03-05,159,3975,24,37,4706.4,yes,46,0,2024-03-05,-4706.4
1560,Customer_1560,customer1560@mail.com,sold,Millet,2024-05-02,2024-08-20,112,5600,110,37,15194.67,no,34,190400,2024-08-20,175205.33
148,Customer_148,customer148@mail.com,storing,Rice,2023-05-07,2023-09-19,80,2000,135,30,10800.0,no,55,110000,2023-09-19,99200.0
802,Customer_802,customer802@mail.com,sold,Maize,2023-01-13,2023-05-14,124,6200,121,27,13503.6,yes,40,0,2023-05-14,-13503.6
822,Customer_822,customer822@mail.com,storing,Millet,2023-06-13,2023-11-25,148,7400,165,57,46398.0,no,34,251600,2023-11-25,205202.0
1061,Customer_1061,customer1061@mail.com,stored,Barley,2023-11-17,2024-03-16,191,4775,120,30,22920.0,no,51,243525,2024-03-16,220605.0
362,Customer_362,customer362@mail.com,sold,Rice,2024-03-13,2024-03-24,142,3550,11,35,1822.33,yes,36,127800,2024-03-24,125977.67
9,Customer_9,customer9@mail.com,storing,Sorghum,2023-09-09,2024-01-03,52,2600,116,20,4021.33,yes,33,0,2024-01-03,-4021.33
96,Customer_96,customer96@mail.com,sold,Sorghum,2023-02-24,2023-03-24,35,875,28,26,849.33,yes,37,32375,2023-03-24,31525.67
1461,Customer_1461,customer1461@mail.com,storing,Sorghum,2024-06-15,2024-12-12,139,6950,180,50,41700.0,partial,28,0,2024-12-12,-41700.0
1901,Customer_1901,customer1901@mail.com,sold,Wheat,2023-08-17,2023-10-03,72,1800,47,33,3722.4,no,29,52200,2023-10-03,48477.6
659,Customer_659,customer659@mail.com,sold,Sorghum,2024-01-16,2024-06-11,117,5850,147,60,34398.0,partial,41,0,2024-06-11,-34398.0
1635,Customer_1635,customer1635@mail.com,stored,Barley,2023-11-30,2024-05-12,90,2250,164,43,21156.0,no,46,103500,2024-05-12,82344.0
654,Customer_654,customer654@mail.com,sold,Wheat,2024-07-15,2025-01-10,114,5700,179,36,24487.2,no,25,0,2025-01-10,-24487.2
315,Customer_315,customer315@mail.com,sold,Maize,2024-06-25,2024-08-17,82,4100,53,23,3331.93,yes,37,151700,2024-08-17,148368.07
1082,Customer_1082,customer1082@mail.com,storing,Barley,2024-05-23,2024-09-05,119,2975,105,42,17493.0,partial,28,0,2024-09-05,-17493.0
1945,Customer_1945,customer1945@mail.com,stored,Rice,2024-03-30,2024-05-01,69,3450,32,42,3091.2,yes,54,0,2024-05-01,-3091.2
656,Customer_656,customer656@mail.com,sold,Wheat,2024-01-25,2024-03-11,76,3800,46,31,3612.53,partial,31,117800,2024-03-11,114187.47
1820,Customer_1820,customer1820@mail.com,stored,Wheat,2024-08-20,2024-11-08,110,2750,80,41,12026.67,yes,27,0,2024-11-08,-12026.67
100,Customer_100,customer100@mail.com,storing,Rice,2023-07-13,2023-08-14,128,6400,32,22,3003.73,no,40,0,2023-08-14,-3003.73
1955,Customer_1955,customer1955@mail.com,stored,Wheat,2023-01-30,2023-06-04,112,2800,125,41,19133.33,partial,45,126000,2023-06-04,106866.67
246,Customer_246,customer246@mail.com,storing,Wheat,2023-06-29,2023-10-26,121,3025,119,36,17278.8,yes,28,84700,2023-10-26,67421.2
1942,Customer_1942,customer1942@mail.com,stored,Wheat,2023-10-20,2023-11-08,85,2125,19,36,1938.0,yes,51,108375,2023-11-08,106437.0
186,Customer_186,customer186@mail.com,sold,Wheat,2024-01-15,2024-04-20,143,3575,96,42,19219.2,no,49,175175,2024-04-20,155955.8
838,Customer_838,customer838@mail.com,sold,Maize,2024-06-13,2024-10-10,170,8500,119,34,22927.33,yes,33,0,2024-10-10,-22927.33
1595,Customer_1595,customer1595@mail.com,storing,Barley,2024-06-27,2024-07-17,180,9000,20,40,4800.0,yes,55,495000,2024-07-17,490200.0
1996,Customer_1996,customer1996@mail.com,sold,Wheat,2024-04-21,2024-07-16,160,8000,86,30,13760.0,partial,51,408000,2024-07-16,394240.0
1979,Customer_1979,customer1979@mail.com,storing,Sorghum,2023-11-17,2023-12-06,107,2675,19,20,1355.33,partial,38,101650,2023-12-06,100294.67
1169,Customer_1169,customer1169@mail.com,stored,Sorghum,2023-02-07,2023-04-18,195,9750,70,38,17290.0,no,37,0,2023-04-18,-17290.0
740,Customer_740,customer740@mail.com,storing,Millet,2024-03-27,2024-05-23,132,3300,57,57,14295.6,partial,27,89100,2024-05-23,74804.4
1253,Customer_1253,customer1253@mail.com,stored,Barley,2023-02-25,2023-03-15,173,8650,18,47,4878.6,partial,26,224900,2023-03-15,220021.4
988,Customer_988,customer988@mail.com,stored,Millet,2023-03-11,2023-06-25,118,2950,106,45,18762.0,yes,38,112100,2023-06-25,93338.0
805,Customer_805,customer805@mail.com,stored,Barley,2023-11-13,2024-03-07,107,2675,115,41,16816.83,partial,28,0,2024-03-07,-16816.83
1773,Customer_1773,customer1773@mail.com,stored,Maize,2023-09-16,2023-12-27,112,5600,102,38,14470.4,yes,47,0,2023-12-27,-14470.4
1548,Customer_1548,customer1548@mail.com,storing,Barley,2023-05-19,2023-11-04,42,1050,169,46,10883.6,yes,30,0,2023-11-04,-10883.6
1857,Customer_1857,customer1857@mail.com,stored,Rice,2024-02-14,2024-06-18,42,1050,125,55,9625.0,partial,36,0,2024-06-18,-9625.0
591,Customer_591,customer591@mail.com,stored,Sorghum,2023-02-11,2023-06-27,117,5850,136,35,18564.0,partial,39,0,2023-06-27,-18564.0
90,Customer_90,customer90@mail.com,sold,Maize,2024-04-24,2024-05-20,107,2675,26,46,4265.73,yes,26,69550,2024-05-20,65284.27
1220,Customer_1220,customer1220@mail.com,storing,Millet,2024-03-31,2024-07-29,47,1175,120,40,7520.0,partial,28,32900,2024-07-29,25380.0
1519,Customer_1519,customer1519@mail.com,stored,Sorghum,2023-01-16,2023-02-24,46,1150,39,31,1853.8,yes,51,58650,2023-02-24,56796.2
1181,Customer_1181,customer1181@mail.com,stored,Barley,2023-04-10,2023-06-24,21,1050,75,47,2467.5,partial,25,26250,2023-06-24,23782.5
1700,Customer_1700,customer1700@mail.com,storing,Wheat,2023-12-02,2024-02-26,178,8900,86,31,15818.27,partial,27,0,2024-02-26,-15818.27
1278,Customer_1278,customer1278@mail.com,stored,Maize,2024-05-10,2024-09-13,21,1050,126,21,1852.2,yes,31,0,2024-09-13,-1852.2
1921,Customer_1921,customer1921@mail.com,storing,Millet,2023-05-15,2023-08-30,27,675,107,53,5103.9,yes,33,22275,2023-08-30,17171.1
1107,Customer_1107,customer1107@mail.com,stored,Maize,2023-01-02,2023-05-20,123,3075,138,35,19803.0,yes,54,166050,2023-05-20,146247.0
288,Customer_288,customer288@mail.com,sold,Maize,2023-01-03,2023-05-09,79,1975,126,29,9622.2,partial,32,0,2023-05-09,-9622.2
1303,Customer_1303,customer1303@mail.com,storing,Wheat,2023-10-21,2024-04-06,192,9600,168,51,54835.2,no,41,0,2024-04-06,-54835.2
289,Customer_289,customer289@mail.com,sold,Wheat,2024-08-23,2024-12-05,110,5500,104,30,11440.0,partial,47,258500,2024-12-05,247060.0
1553,Customer_1553,customer1553@mail.com,storing,Rice,2024-08-15,2024-08-31,148,7400,16,24,1894.4,no,51,377400,2024-08-31,375505.6
60,Customer_60,customer60@mail.com,storing,Maize,2024-08-07,2024-10-18,109,5450,72,54,14126.4,yes,32,174400,2024-10-18,160273.6
51,Customer_51,customer51@mail.com,storing,Millet,2023-05-27,2023-09-28,182,4550,124,37,27833.87,yes,47,213850,2023-09-28,186016.13
732,Customer_732,customer732@mail.com,storing,Maize,2024-03-31,2024-08-30,82,2050,152,55,22850.67,no,37,75850,2024-08-30,52999.33
1441,Customer_1441,customer1441@mail.com,storing,Wheat,2023-12-05,2024-04-13,11,275,130,51,2431.0,yes,29,7975,2024-04-13,5544.0
1692,Customer_1692,customer1692@mail.com,stored,Barley,2023-11-01,2024-02-18,78,3900,109,44,12469.6,yes,36,0,2024-02-18,-12469.6
1813,Customer_1813,customer1813@mail.com,storing,Barley,2024-06-11,2024-06-26,189,9450,15,24,2268.0,no,37,349650,2024-06-26,347382.0
1748,Customer_1748,customer1748@mail.com,sold,Maize,2024-03-04,2024-06-26,69,1725,114,54,14158.8,no,46,0,2024-06-26,-14158.8
916,Customer_916,customer916@mail.com,stored,Sorghum,2023-04-04,2023-09-24,122,3050,173,35,24623.67,no,54,164700,2023-09-24,140076.33
1741,Customer_1741,customer1741@mail.com,storing,Wheat,2024-05-26,2024-09-02,176,8800,99,40,23232.0,yes,49,431200,2024-09-02,407968.0
1357,Customer_1357,customer1357@mail.com,sold,Wheat,2023-06-10,2023-08-22,53,1325,73,58,7480.07,yes,37,0,2023-08-22,-7480.07
1370,Customer_1370,customer1370@mail.com,sold,Barley,2024-01-06,2024-04-18,145,7250,103,28,13939.33,yes,38,0,2024-04-18,-13939.33
911,Customer_911,customer911@mail.com,storing,Barley,2023-02-13,2023-03-27,158,7900,42,57,12608.4,partial,53,418700,2023-03-27,406091.6
777,Customer_777,customer777@mail.com,sold,Wheat,2024-03-30,2024-04-13,179,8950,14,20,1670.67,no,38,340100,2024-04-13,338429.33
264,Customer_264,customer264@mail.com,sold,Barley,2023-06-22,2023-09-17,40,1000,87,54,6264.0,yes,30,30000,2023-09-17,23736.0
1218,Customer_1218,customer1218@mail.com,storing,Barley,2023-05-04,2023-06-05,186,9300,32,44,8729.6,partial,34,0,2023-06-05,-8729.6
1520,Customer_1520,customer1520@mail.com,storing,Wheat,2024-06-21,2024-12-05,176,4400,167,36,35270.4,yes,27,118800,2024-12-05,83529.6
1092,Customer_1092,customer1092@mail.com,sold,Millet,2023-04-07,2023-07-02,89,2225,86,28,7143.73,yes,35,0,2023-07-02,-7143.73
571,Customer_571,customer571@mail.com,stored,Millet,2023-10-01,2023-12-05,122,3050,65,30,7930.0,no,47,0,2023-12-05,-7930.0
1117,Customer_1117,customer1117@mail.com,stored,Sorghum,2024-04-04,2024-08-01,26,1300,119,47,4847.27,partial,28,0,2024-08-01,-4847.27
1601,Customer_1601,customer1601@mail.com,sold,Millet,2023-12-15,2024-04-12,112,2800,119,38,16882.13,partial,26,0,2024-04-12,-16882.13
654,Customer_654,customer654@mail.com,storing,Wheat,2023-12-16,2024-02-05,141,3525,51,55,13183.5,partial,46,0,2024-02-05,-13183.5
1715,Customer_1715,customer1715@mail.com,storing,Maize,2023-11-18,2024-04-12,184,4600,146,32,28654.93,partial,53,0,2024-04-12,-28654.93
880,Customer_880,customer880@mail.com,storing,Rice,2024-07-25,2024-09-26,52,2600,63,30,3276.0,yes,45,117000,2024-09-26,113724.0
855,Customer_855,customer855@mail.com,sold,Barley,2024-04-25,2024-06-29,46,1150,65,56,5581.33,partial,36,41400,2024-06-29,35818.67
1759,Customer_1759,customer1759@mail.com,sold,Barley,2024-04-01,2024-06-05,36,900,65,35,2730.0,partial,34,30600,2024-06-05,27870.0
940,Customer_940,customer940@mail.com,stored,Wheat,2023-08-03,2023-12-19,171,8550,138,40,31464.0,yes,50,427500,2023-12-19,396036.0
762,Customer_762,customer762@mail.com,storing,Barley,2024-04-06,2024-08-04,24,1200,120,56,5376.0,yes,46,55200,2024-08-04,49824.0
730,Customer_730,customer730@mail.com,sold,Maize,2023-01-22,2023-03-22,55,2750,59,31,3353.17,partial,36,0,2023-03-22,-3353.17
146,Customer_146,customer146@mail.com,stored,Barley,2024-02-20,2024-04-08,126,3150,48,37,7459.2,no,26,0,2024-04-08,-7459.2
441,Customer_441,customer441@mail.com,stored,Sorghum,2024-04-21,2024-08-08,80,4000,109,32,9301.33,no,29,116000,2024-08-08,106698.67
1769,Customer_1769,customer1769@mail.com,storing,Sorghum,2024-06-22,2024-08-26,16,400,65,53,1837.33,partial,50,20000,2024-08-26,18162.67
1881,Customer_1881,customer1881@mail.com,storing,Barley,2024-04-21,2024-08-27,89,2225,128,37,14050.13,yes,27,60075,2024-08-27,46024.87
1303,Customer_1303,customer1303@mail.com,storing,Barley,2023-03-18,2023-06-20,141,7050,94,52,22973.6,no,55,0,2023-06-20,-22973.6
1919,Customer_1919,customer1919@mail.com,stored,Wheat,2024-01-23,2024-07-12,39,975,171,59,13115.7,no,46,0,2024-07-12,-13115.7
624,Customer_624,customer624@mail.com,storing,Wheat,2023-10-21,2024-01-21,37,925,92,56,6354.13,no,27,0,2024-01-21,-6354.13
87,Customer_87,customer87@mail.com,sold,Sorghum,2024-02-22,2024-03-10,145,7250,17,37,3040.17,no,37,0,2024-03-10,-3040.17
959,Customer_959,customer959@mail.com,storing,Barley,2023-10-18,2024-03-19,118,2950,153,41,24673.8,yes,37,109150,2024-03-19,84476.2
1682,Customer_1682,customer1682@mail.com,sold,Rice,2023-02-05,2023-07-16,172,4300,161,40,36922.67,yes,25,0,2023-07-16,-36922.67
1176,Customer_1176,customer1176@mail.com,sold,Wheat,2024-01-28,2024-02-25,41,2050,28,35,1339.33,no,50,102500,2024-02-25,101160.67
1007,Customer_1007,customer1007@mail.com,sold,Maize,2023-08-21,2023-09-01,73,1825,11,23,615.63,partial,37,67525,2023-09-01,66909.37
126,Customer_126,customer126@mail.com,stored,Barley,2023-04-05,2023-07-17,81,2025,103,24,6674.4,no,41,0,2023-07-17,-6674.4
714,Customer_714,customer714@mail.com,stored,Maize,2023-03-09,2023-08-30,171,4275,174,39,38680.2,yes,51,218025,2023-08-30,179344.8
300,Customer_300,customer300@mail.com,storing,Wheat,2024-04-17,2024-08-06,137,3425,111,50,25345.0,partial,53,0,2024-08-06,-25345.0
1605,Customer_1605,customer1605@mail.com,storing,Maize,2023-06-23,2023-10-30,173,8650,129,21,15621.9,partial,46,397900,2023-10-30,382278.1
1958,Customer_1958,customer1958@mail.com,sold,Wheat,2023-02-19,2023-07-03,151,3775,134,38,25629.73,yes,47,0,2023-07-03,-25629.73
1626,Customer_1626,customer1626@mail.com,sold,Wheat,2024-03-17,2024-04-22,164,8200,36,25,4920.0,yes,31,254200,2024-04-22,249280.0
883,Customer_883,customer883@mail.com,storing,Sorghum,2023-05-20,2023-08-08,100,2500,80,49,13066.67,no,43,0,2023-08-08,-13066.67
1674,Customer_1674,customer1674@mail.com,sold,Wheat,2023-03-27,2023-05-06,190,9500,40,45,11400.0,partial,52,494000,2023-05-06,482600.0
1415,Customer_1415,customer1415@mail.com,stored,Millet,2023-10-13,2024-04-01,97,2425,171,46,25433.4,no,29,70325,2024-04-01,44891.6
1148,Customer_1148,customer1148@mail.com,sold,Sorghum,2023-01-22,2023-02-18,54,2700,27,48,2332.8,no,26,70200,2023-02-18,67867.2
508,Customer_508,customer508@mail.com,sold,Millet,2024-02-20,2024-04-27,134,6700,67,58,17357.47,no,52,0,2024-04-27,-17357.47
1805,Customer_1805,customer1805@mail.com,storing,Barley,2024-08-04,2024-09-26,168,8400,53,47,13949.6,partial,34,285600,2024-09-26,271650.4
1907,Customer_1907,customer1907@mail.com,storing,Maize,2023-01-20,2023-02-15,157,3925,26,23,3129.53,partial,38,0,2023-02-15,-3129.53
516,Customer_516,customer516@mail.com,sold,Rice,2023-05-15,2023-08-23,34,1700,100,52,5893.33,partial,28,47600,2023-08-23,41706.67
882,Customer_882,customer882@mail.com,stored,Maize,2023-07-01,2023-09-19,49,2450,80,20,2613.33,yes,51,0,2023-09-19,-2613.33
1857,Customer_1857,customer1857@mail.com,stored,Rice,2023-06-04,2023-09-14,107,5350,102,24,8731.2,partial,50,0,2023-09-14,-8731.2
1322,Customer_1322,customer1322@mail.com,storing,Millet,2024-07-08,2024-11-17,147,3675,132,56,36220.8,yes,35,0,2024-11-17,-36220.8
1915,Customer_1915,customer1915@mail.com,storing,Wheat,2023-06-18,2023-07-17,177,4425,29,46,7870.6,partial,45,0,2023-07-17,-7870.6
1666,Customer_1666,customer1666@mail.com,stored,Wheat,2024-05-21,2024-09-27,171,4275,129,39,28676.7,no,32,136800,2024-09-27,108123.3
537,Customer_537,customer537@mail.com,sold,Wheat,2024-04-11,2024-05-05,100,2500,24,53,4240.0,yes,30,0,2024-05-05,-4240.0
1596,Customer_1596,customer1596@mail.com,stored,Millet,2024-07-29,2025-01-03,45,1125,158,58,13746.0,partial,39,43875,2025-01-03,30129.0
875,Customer_875,customer875@mail.com,sold,Millet,2023-10-01,2023-12-07,172,8600,67,53,20359.07,no,40,0,2023-12-07,-20359.07
173,Customer_173,customer173@mail.com,stored,Wheat,2023-08-22,2023-12-19,23,575,119,27,2463.3,no,32,0,2023-12-19,-2463.3
1728,Customer_1728,customer1728@mail.com,storing,Maize,2024-01-31,2024-04-23,31,775,83,35,3001.83,no,52,40300,2024-04-23,37298.17
128,Customer_128,customer128@mail.com,storing,Maize,2023-02-13,2023-05-24,168,8400,100,46,25760.0,yes,32,0,2023-05-24,-25760.0
99,Customer_99,customer99@mail.com,sold,Wheat,2023-03-06,2023-04-29,60,1500,54,37,3996.0,partial,36,0,2023-04-29,-3996.0
605,Customer_605,customer605@mail.com,sold,Sorghum,2023-07-12,2023-11-27,168,4200,138,54,41731.2,yes,55,231000,2023-11-27,189268.8
821,Customer_821,customer821@mail.com,stored,Wheat,2023-07-01,2023-10-20,158,3950,111,46,26891.6,yes,25,98750,2023-10-20,71858.4
1263,Customer_1263,customer1263@mail.com,storing,Millet,2024-07-05,2024-07-29,148,3700,24,55,6512.0,no,49,181300,2024-07-29,174788.0
197,Customer_197,customer197@mail.com,stored,Sorghum,2024-08-09,2024-09-27,97,4850,49,52,8238.53,partial,43,0,2024-09-27,-8238.53
1180,Customer_1180,customer1180@mail.com,stored,Wheat,2024-02-09,2024-03-15,22,550,35,28,718.67,partial,48,26400,2024-03-15,25681.33
1749,Customer_1749,customer1749@mail.com,storing,Wheat,2024-01-14,2024-06-26,160,4000,164,44,38485.33,no,48,192000,2024-06-26,153514.67
723,Customer_723,customer723@mail.com,stored,Rice,2024-01-15,2024-06-20,80,4000,157,59,24701.33,yes,50,0,2024-06-20,-24701.33
1565,Customer_1565,customer1565@mail.com,sold,Wheat,2023-01-05,2023-05-24,28,1400,139,20,2594.67,yes,50,70000,2023-05-24,67405.33
366,Customer_366,customer366@mail.com,sold,Sorghum,2024-07-08,2024-11-25,144,7200,140,32,21504.0,no,43,0,2024-11-25,-21504.0
1197,Customer_1197,customer1197@mail.com,storing,Maize,2023-08-16,2023-11-14,60,1500,90,35,6300.0,no,37,0,2023-11-14,-6300.0
1746,Customer_1746,customer1746@mail.com,sold,Rice,2023-02-24,2023-05-27,83,2075,92,27,6872.4,no,44,91300,2023-05-27,84427.6
307,Customer_307,customer307@mail.com,storing,Maize,2024-04-13,2024-06-30,35,1750,78,33,3003.0,partial,33,0,2024-06-30,-3003.0
1265,Customer_1265,customer1265@mail.com,sold,Millet,2023-05-30,2023-11-11,98,2450,165,31,16709.0,yes,28,68600,2023-11-11,51891.0
194,Customer_194,customer194@mail.com,sold,Sorghum,2024-07-30,2024-12-17,51,1275,140,38,9044.0,yes,49,0,2024-12-17,-9044.0
1355,Customer_1355,customer1355@mail.com,stored,Barley,2023-04-19,2023-08-19,96,4800,122,38,14835.2,yes,41,0,2023-08-19,-14835.2
1446,Customer_1446,customer1446@mail.com,storing,Sorghum,2024-08-13,2025-01-05,87,2175,145,40,16820.0,no,30,0,2025-01-05,-16820.0
204,Customer_204,customer204@mail.com,sold,Barley,2024-03-12,2024-07-15,81,4050,125,36,12150.0,yes,45,0,2024-07-15,-12150.0
1013,Customer_1013,customer1013@mail.com,sold,Maize,2024-06-12,2024-09-03,175,4375,83,44,21303.33,yes,49,0,2024-09-03,-21303.33
1215,Customer_1215,customer1215@mail.com,sold,Sorghum,2024-08-02,2024-09-21,52,2600,50,54,4680.0,no,37,96200,2024-09-21,91520.0
1293,Customer_1293,customer1293@mail.com,storing,Millet,2023-08-10,2023-10-11,36,900,62,58,4315.2,partial,44,0,2023-10-11,-4315.2
1717,Customer_1717,customer1717@mail.com,storing,Maize,2023-08-10,2023-08-24,106,2650,14,58,2869.07,no,45,0,2023-08-24,-2869.07
458,Customer_458,customer458@mail.com,sold,Millet,2023-01-20,2023-04-04,34,1700,74,59,4948.13,no,36,0,2023-04-04,-4948.13
487,Customer_487,customer487@mail.com,sold,Maize,2024-08-13,2024-10-19,180,4500,67,23,9246.0,yes,47,0,2024-10-19,-9246.0
850,Customer_850,customer850@mail.com,sold,Maize,2023-01-15,2023-02-16,162,4050,32,35,6048.0,partial,40,0,2023-02-16,-6048.0
1656,Customer_1656,customer1656@mail.com,stored,Sorghum,2023-02-15,2023-03-03,115,2875,16,35,2146.67,yes,40,0,2023-03-03,-2146.67
1000,Customer_1000,customer1000@mail.com,storing,Sorghum,2024-05-10,2024-07-16,180,4500,67,58,23316.0,partial,35,0,2024-07-16,-23316.0
669,Customer_669,customer669@mail.com,storing,Millet,2024-03-31,2024-07-29,86,4300,120,55,18920.0,yes,53,227900,2024-07-29,208980.0
204,Customer_204,customer204@mail.com,stored,Maize,2023-12-02,2024-01-21,59,1475,50,36,3540.0,partial,34,0,2024-01-21,-3540.0
340,Customer_340,customer340@mail.com,stored,Sorghum,2023-10-10,2024-01-07,142,3550,89,49,20642.07,no,28,0,2024-01-07,-20642.07
1948,Customer_1948,customer1948@mail.com,stored,Millet,2024-07-24,2024-09-14,168,8400,52,41,11939.2,no,54,453600,2024-09-14,441660.8
982,Customer_982,customer982@mail.com,stored,Sorghum,2023-02-22,2023-06-26,113,2825,124,37,17281.47,partial,26,73450,2023-06-26,56168.53
455,Customer_455,customer455@mail.com,storing,Rice,2023-09-15,2024-02-10,171,4275,148,29,24464.4,yes,55,0,2024-02-10,-24464.4
568,Customer_568,customer568@mail.com,sold,Rice,2024-02-03,2024-07-30,185,4625,178,26,28539.33,partial,26,120250,2024-07-30,91710.67
1423,Customer_1423,customer1423@mail.com,sold,Rice,2023-12-05,2024-01-01,138,3450,27,30,3726.0,partial,55,0,2024-01-01,-3726.0
501,Customer_501,customer501@mail.com,storing,Sorghum,2023-10-12,2024-01-10,196,4900,90,60,35280.0,partial,32,156800,2024-01-10,121520.0
820,Customer_820,customer820@mail.com,storing,Sorghum,2024-02-17,2024-08-04,34,1700,169,52,9959.73,partial,26,0,2024-08-04,-9959.73
800,Customer_800,customer800@mail.com,sold,Wheat,2024-07-30,2025-01-16,43,1075,170,29,7066.33,yes,29,31175,2025-01-16,24108.67
87,Customer_87,customer87@mail.com,stored,Wheat,2023-05-23,2023-10-17,47,2350,147,43,9902.9,no,41,96350,2023-10-17,86447.1
38,Customer_38,customer38@mail.com,sold,Sorghum,2024-03-04,2024-04-04,71,1775,31,39,2861.3,no,47,83425,2024-04-04,80563.7
581,Customer_581,customer581@mail.com,storing,Maize,2024-02-22,2024-07-26,61,3050,155,60,18910.0,no,25,76250,2024-07-26,57340.0
1507,Customer_1507,customer1507@mail.com,stored,Millet,2023-04-21,2023-05-26,192,4800,35,39,8736.0,no,45,0,2023-05-26,-8736.0
1138,Customer_1138,customer1138@mail.com,stored,Rice,2023-12-30,2024-06-15,74,3700,168,33,13675.2,no,53,196100,2024-06-15,182424.8
1245,Customer_1245,customer1245@mail.com,stored,Millet,2023-01-25,2023-02-17,200,5000,23,50,7666.67,yes,55,275000,2023-02-17,267333.33
1971,Customer_1971,customer1971@mail.com,stored,Sorghum,2024-08-22,2024-12-07,77,3850,107,51,14006.3,no,53,0,2024-12-07,-14006.3
1558,Customer_1558,customer1558@mail.com,sold,Millet,2024-02-26,2024-04-10,22,550,44,44,1419.73,partial,54,29700,2024-04-10,28280.27
1933,Customer_1933,customer1933@mail.com,stored,Wheat,2024-02-24,2024-04-23,72,3600,59,33,4672.8,no,54,194400,2024-04-23,189727.2
1812,Customer_1812,customer1812@mail.com,storing,Barley,2023-02-14,2023-03-25,142,7100,39,30,5538.0,partial,45,0,2023-03-25,-5538.0
1447,Customer_1447,customer1447@mail.com,storing,Sorghum,2024-04-20,2024-06-21,55,2750,62,56,6365.33,yes,37,0,2024-06-21,-6365.33
1199,Customer_1199,customer1199@mail.com,sold,Wheat,2023-11-21,2024-01-23,126,3150,63,23,6085.8,yes,37,116550,2024-01-23,110464.2
1587,Customer_1587,customer1587@mail.com,storing,Millet,2024-06-22,2024-08-26,139,3475,65,36,10842.0,no,43,149425,2024-08-26,138583.0
1822,Customer_1822,customer1822@mail.com,storing,Millet,2023-02-01,2023-03-21,169,8450,48,39,10545.6,partial,25,211250,2023-03-21,200704.4
1902,Customer_1902,customer1902@mail.com,sold,Millet,2023-07-11,2023-08-11,110,2750,31,26,2955.33,yes,48,132000,2023-08-11,129044.67
1841,Customer_1841,customer1841@mail.com,stored,Barley,2023-01-02,2023-01-20,64,3200,18,26,998.4,partial,42,134400,2023-01-20,133401.6
286,Customer_286,customer286@mail.com,stored,Sorghum,2023-02-24,2023-05-18,176,8800,83,30,14608.0,no,42,369600,2023-05-18,354992.0
1391,Customer_1391,customer1391@mail.com,sold,Millet,2024-02-15,2024-03-28,165,4125,42,41,9471.0,partial,45,0,2024-03-28,-9471.0
485,Customer_485,customer485@mail.com,stored,Millet,2023-03-17,2023-04-08,34,1700,22,42,1047.2,no,49,83300,2023-04-08,82252.8
1357,Customer_1357,customer1357@mail.com,stored,Rice,2024-07-15,2024-09-30,104,2600,77,57,15215.2,no,35,0,2024-09-30,-15215.2
1988,Customer_1988,customer1988@mail.com,stored,Barley,2023-03-29,2023-05-23,69,1725,55,34,4301.0,no,52,89700,2023-05-23,85399.0
10,Customer_10,customer10@mail.com,stored,Maize,2023-08-24,2024-02-01,106,5300,161,26,14790.53,partial,44,0,2024-02-01,-14790.53
723,Customer_723,customer723@mail.com,stored,Rice,2024-04-22,2024-07-02,58,2900,71,21,2882.6,partial,38,0,2024-07-02,-2882.6
832,Customer_832,customer832@mail.com,stored,Wheat,2024-05-24,2024-08-20,106,5300,88,51,15857.6,yes,53,280900,2024-08-20,265042.4
1334,Customer_1334,customer1334@mail.com,sold,Maize,2023-09-11,2023-09-29,67,3350,18,33,1326.6,yes,26,0,2023-09-29,-1326.6
1659,Customer_1659,customer1659@mail.com,stored,Barley,2023-10-07,2024-01-20,17,850,105,52,3094.0,yes,54,45900,2024-01-20,42806.0
807,Customer_807,customer807@mail.com,storing,Barley,2023-07-17,2023-07-28,27,675,11,59,584.1,yes,29,0,2023-07-28,-584.1
1803,Customer_1803,customer1803@mail.com,storing,Barley,2024-04-22,2024-10-08,111,2775,169,37,23136.1,yes,54,0,2024-10-08,-23136.1
1067,Customer_1067,customer1067@mail.com,storing,Barley,2023-07-04,2023-09-01,151,3775,59,20,5939.33,partial,45,0,2023-09-01,-5939.33
763,Customer_763,customer763@mail.com,stored,Wheat,2023-09-12,2023-11-02,116,5800,51,27,5324.4,no,55,0,2023-11-02,-5324.4
13,Customer_13,customer13@mail.com,stored,Sorghum,2024-05-12,2024-10-27,179,8950,168,26,26062.4,partial,54,0,2024-10-27,-26062.4
741,Customer_741,customer741@mail.com,storing,Barley,2023-09-16,2023-10-30,127,3175,44,39,7264.4,yes,38,0,2023-10-30,-7264.4
962,Customer_962,customer962@mail.com,storing,Wheat,2023-10-17,2023-11-14,150,3750,28,52,7280.0,no,55,206250,2023-11-14,198970.0
1147,Customer_1147,customer1147@mail.com,sold,Rice,2023-06-20,2023-07-07,163,4075,17,37,3417.57,yes,37,150775,2023-07-07,147357.43
1089,Customer_1089,customer1089@mail.com,sold,Sorghum,2024-05-02,2024-06-06,91,4550,35,51,5414.5,yes,38,0,2024-06-06,-5414.5
877,Customer_877,customer877@mail.com,storing,Wheat,2023-01-07,2023-07-03,162,8100,177,57,54480.6,yes,39,315900,2023-07-03,261419.4
1196,Customer_1196,customer1196@mail.com,stored,Sorghum,2024-08-11,2024-12-20,68,1700,131,52,15440.53,yes,55,93500,2024-12-20,78059.47
1915,Customer_1915,customer1915@mail.com,sold,Barley,2023-10-12,2024-01-02,187,4675,82,27,13800.6,partial,54,252450,2024-01-02,238649.4
820,Customer_820,customer820@mail.com,storing,Barley,2024-04-02,2024-07-27,98,4900,116,23,8715.47,yes,42,205800,2024-07-27,197084.53
91,Customer_91,customer91@mail.com,stored,Rice,2024-03-11,2024-05-13,16,800,63,60,2016.0,yes,25,0,2024-05-13,-2016.0
813,Customer_813,customer813@mail.com,stored,Wheat,2023-11-05,2023-12-19,10,500,44,24,352.0,no,35,17500,2023-12-19,17148.0
1174,Customer_1174,customer1174@mail.com,storing,Rice,2023-02-23,2023-03-15,33,1650,20,46,1012.0,yes,50,0,2023-03-15,-1012.0
1242,Customer_1242,customer1242@mail.com,storing,Maize,2023-03-19,2023-05-29,111,2775,71,39,10245.3,partial,33,91575,2023-05-29,81329.7
403,Customer_403,customer403@mail.com,sold,Maize,2024-07-15,2024-11-13,174,4350,121,54,37897.2,partial,30,0,2024-11-13,-37897.2
832,Customer_832,customer832@mail.com,sold,Barley,2023-07-28,2023-11-11,99,2475,106,25,8745.0,yes,30,0,2023-11-11,-8745.0
809,Customer_809,customer809@mail.com,sold,Sorghum,2024-05-30,2024-09-13,104,5200,106,51,18740.8,partial,47,244400,2024-09-13,225659.2
101,Customer_101,customer101@mail.com,storing,Rice,2023-01-24,2023-03-10,25,1250,45,47,1762.5,yes,30,0,2023-03-10,-1762.5
1179,Customer_1179,customer1179@mail.com,storing,Millet,2024-05-25,2024-07-18,199,9950,54,32,11462.4,no,35,0,2024-07-18,-11462.4
225,Customer_225,customer225@mail.com,sold,Barley,2024-08-12,2024-09-21,191,4775,40,23,5857.33,partial,47,0,2024-09-21,-5857.33
1799,Customer_1799,customer1799@mail.com,stored,Rice,2024-01-03,2024-01-18,12,300,15,33,198.0,yes,41,0,2024-01-18,-198.0
785,Customer_785,customer785@mail.com,stored,Maize,2024-07-14,2024-12-21,95,4750,160,57,28880.0,no,29,0,2024-12-21,-28880.0
1220,Customer_1220,customer1220@mail.com,sold,Barley,2024-07-13,2024-07-29,178,4450,16,55,5221.33,partial,42,186900,2024-07-29,181678.67
290,Customer_290,customer290@mail.com,stored,Wheat,2023-05-15,2023-08-30,190,4750,107,27,18297.0,yes,40,190000,2023-08-30,171703.0
1674,Customer_1674,customer1674@mail.com,sold,Sorghum,2023-05-01,2023-07-04,95,2375,64,56,11349.33,yes,28,66500,2023-07-04,55150.67
343,Customer_343,customer343@mail.com,sold,Maize,2023-07-09,2023-12-04,91,2275,148,47,21099.87,yes,25,0,2023-12-04,-21099.87
1646,Customer_1646,customer1646@mail.com,sold,Maize,2023-01-30,2023-03-01,103,5150,30,28,2884.0,yes,35,180250,2023-03-01,177366.0
1096,Customer_1096,customer1096@mail.com,stored,Wheat,2023-06-30,2023-12-21,31,1550,174,49,8810.2,no,44,0,2023-12-21,-8810.2
635,Customer_635,customer635@mail.com,stored,Rice,2024-01-12,2024-04-12,190,9500,91,58,33427.33,yes,30,0,2024-04-12,-33427.33
1637,Customer_1637,customer1637@mail.com,stored,Millet,2023-12-18,2024-01-04,73,3650,17,44,1820.13,yes,40,146000,2024-01-04,144179.87
1101,Customer_1101,customer1101@mail.com,sold,Wheat,2023-12-04,2024-04-30,59,2950,148,48,13971.2,no,38,0,2024-04-30,-13971.2
400,Customer_400,customer400@mail.com,stored,Millet,2023-06-10,2023-10-06,29,1450,118,50,5703.33,no,32,46400,2023-10-06,40696.67
1986,Customer_1986,customer1986@mail.com,sold,Millet,2024-07-23,2024-08-07,181,4525,15,31,2805.5,no,51,230775,2024-08-07,227969.5
1550,Customer_1550,customer1550@mail.com,stored,Rice,2023-06-30,2023-10-06,178,8900,98,49,28491.87,no,30,267000,2023-10-06,238508.13
1318,Customer_1318,customer1318@mail.com,sold,Wheat,2023-05-30,2023-10-03,58,2900,126,36,8769.6,no,28,81200,2023-10-03,72430.4
1867,Customer_1867,customer1867@mail.com,storing,Wheat,2024-05-11,2024-06-08,138,3450,28,53,6826.4,partial,44,151800,2024-06-08,144973.6
945,Customer_945,customer945@mail.com,storing,Rice,2023-11-10,2024-04-19,90,2250,161,24,11592.0,partial,40,0,2024-04-19,-11592.0
1208,Customer_1208,customer1208@mail.com,stored,Barley,2023-05-24,2023-09-23,47,2350,122,60,11468.0,partial,51,0,2023-09-23,-11468.0
1068,Customer_1068,customer1068@mail.com,sold,Sorghum,2023-09-09,2024-01-03,135,6750,116,51,26622.0,partial,46,0,2024-01-03,-26622.0
902,Customer_902,customer902@mail.com,storing,Barley,2023-08-09,2023-12-05,131,3275,118,46,23702.27,no,35,114625,2023-12-05,90922.73
1813,Customer_1813,customer1813@mail.com,storing,Rice,2023-01-25,2023-05-22,54,2700,117,38,8002.8,yes,37,99900,2023-05-22,91897.2
314,Customer_314,customer314@mail.com,stored,Maize,2023-11-24,2024-02-24,34,1700,92,35,3649.33,yes,31,52700,2024-02-24,49050.67
173,Customer_173,customer173@mail.com,storing,Rice,2023-11-29,2024-03-20,135,3375,112,25,12600.0,yes,30,101250,2024-03-20,88650.0
1045,Customer_1045,customer1045@mail.com,stored,Millet,2023-06-18,2023-09-10,33,1650,84,38,3511.2,partial,34,0,2023-09-10,-3511.2
1714,Customer_1714,customer1714@mail.com,storing,Maize,2023-12-18,2024-03-22,134,6700,95,31,13154.33,yes,38,254600,2024-03-22,241445.67
461,Customer_461,customer461@mail.com,stored,Millet,2024-08-22,2025-02-03,71,1775,165,32,12496.0,no,35,0,2025-02-03,-12496.0
1720,Customer_1720,customer1720@mail.com,storing,Rice,2023-11-29,2024-04-04,36,900,127,57,8686.8,partial,28,25200,2024-04-04,16513.2
593,Customer_593,customer593@mail.com,sold,Sorghum,2024-02-19,2024-05-29,74,1850,100,23,5673.33,no,44,0,2024-05-29,-5673.33
1930,Customer_1930,customer1930@mail.com,storing,Rice,2023-06-21,2023-08-11,90,2250,51,57,8721.0,yes,53,119250,2023-08-11,110529.0
599,Customer_599,customer599@mail.com,stored,Sorghum,2023-03-14,2023-04-05,89,2225,22,59,3850.73,no,32,0,2023-04-05,-3850.73
1668,Customer_1668,customer1668@mail.com,sold,Sorghum,2024-03-23,2024-08-09,175,8750,139,47,38109.17,no,29,0,2024-08-09,-38109.17
1611,Customer_1611,customer1611@mail.com,stored,Wheat,2024-02-02,2024-07-27,192,4800,176,25,28160.0,no,26,0,2024-07-27,-28160.0
972,Customer_972,customer972@mail.com,sold,Maize,2024-02-16,2024-05-25,165,4125,99,46,25047.0,yes,37,152625,2024-05-25,127578.0
432,Customer_432,customer432@mail.com,stored,Maize,2023-03-16,2023-04-19,156,3900,34,33,5834.4,partial,51,198900,2023-04-19,193065.6
133,Customer_133,customer133@mail.com,stored,Barley,2023-06-07,2023-07-22,42,2100,45,54,3402.0,partial,29,0,2023-07-22,-3402.0
325,Customer_325,customer325@mail.com,sold,Millet,2023-08-09,2023-11-11,95,4750,94,58,17264.67,partial,53,0,2023-11-11,-17264.67
1415,Customer_1415,customer1415@mail.com,storing,Sorghum,2023-07-25,2023-11-02,82,2050,100,41,11206.67,yes,31,0,2023-11-02,-11206.67
1892,Customer_1892,customer1892@mail.com,sold,Maize,2024-08-02,2024-11-28,54,2700,118,32,6796.8,partial,25,67500,2024-11-28,60703.2
389,Customer_389,customer389@mail.com,stored,Millet,2023-09-22,2024-02-07,165,8250,138,58,44022.0,no,49,404250,2024-02-07,360228.0
1287,Customer_1287,customer1287@mail.com,storing,Barley,2024-04-10,2024-06-08,184,9200,59,38,13750.93,partial,30,276000,2024-06-08,262249.07
800,Customer_800,customer800@mail.com,storing,Sorghum,2024-05-11,2024-07-26,82,2050,76,35,7270.67,partial,47,0,2024-07-26,-7270.67
1175,Customer_1175,customer1175@mail.com,storing,Millet,2024-01-26,2024-07-17,70,3500,173,27,10899.0,yes,37,0,2024-07-17,-10899.0
349,Customer_349,customer349@mail.com,storing,Sorghum,2023-01-22,2023-03-31,199,9950,68,22,9923.47,partial,55,0,2023-03-31,-9923.47
505,Customer_505,customer505@mail.com,stored,Barley,2023-05-16,2023-06-02,195,9750,17,41,4530.5,no,44,429000,2023-06-02,424469.5
649,Customer_649,customer649@mail.com,storing,Barley,2023-03-17,2023-09-01,90,2250,168,35,17640.0,partial,26,58500,2023-09-01,40860.0
726,Customer_726,customer726@mail.com,sold,Maize,2023-05-25,2023-11-21,177,4425,180,48,50976.0,partial,48,212400,2023-11-21,161424.0
340,Customer_340,customer340@mail.com,stored,Barley,2023-04-08,2023-10-04,96,4800,179,52,29785.6,partial,48,0,2023-10-04,-29785.6
1723,Customer_1723,customer1723@mail.com,sold,Barley,2023-09-20,2024-03-09,140,3500,171,23,18354.0,partial,29,101500,2024-03-09,83146.0
24,Customer_24,customer24@mail.com,stored,Wheat,2023-04-12,2023-08-15,44,2200,125,44,8066.67,no,25,55000,2023-08-15,46933.33
854,Customer_854,customer854@mail.com,sold,Sorghum,2023-11-26,2024-01-22,129,3225,57,48,11764.8,no,44,141900,2024-01-22,130135.2
1774,Customer_1774,customer1774@mail.com,sold,Millet,2024-08-17,2024-09-06,198,4950,20,34,4488.0,partial,50,0,2024-09-06,-4488.0
618,Customer_618,customer618@mail.com,storing,Sorghum,2024-03-01,2024-06-12,51,2550,103,37,6478.7,no,44,0,2024-06-12,-6478.7
1826,Customer_1826,customer1826@mail.com,stored,Millet,2023-09-19,2024-01-12,117,2925,115,58,26013.0,yes,50,0,2024-01-12,-26013.0
862,Customer_862,customer862@mail.com,storing,Maize,2024-08-06,2024-11-26,29,1450,112,54,5846.4,yes,42,60900,2024-11-26,55053.6
1705,Customer_1705,customer1705@mail.com,sold,Sorghum,2023-03-17,2023-08-24,20,1000,160,59,6293.33,no,54,0,2023-08-24,-6293.33
66,Customer_66,customer66@mail.com,storing,Millet,2023-08-09,2023-12-18,91,4550,131,54,21457.8,no,33,150150,2023-12-18,128692.2
1152,Customer_1152,customer1152@mail.com,stored,Sorghum,2023-03-28,2023-05-01,56,2800,34,45,2856.0,partial,42,117600,2023-05-01,114744.0
473,Customer_473,customer473@mail.com,sold,Millet,2024-03-28,2024-07-15,139,3475,109,54,27271.8,yes,50,0,2024-07-15,-27271.8
769,Customer_769,customer769@mail.com,storing,Barley,2024-01-26,2024-07-09,68,1700,165,28,10472.0,yes,50,85000,2024-07-09,74528.0
56,Customer_56,customer56@mail.com,stored,Maize,2023-11-21,2024-05-06,188,9400,167,26,27209.87,yes,29,0,2024-05-06,-27209.87
122,Customer_122,customer122@mail.com,sold,Barley,2023-11-24,2024-05-14,140,7000,172,59,47357.33,partial,26,0,2024-05-14,-47357.33
830,Customer_830,customer830@mail.com,storing,Maize,2024-07-15,2025-01-04,154,7700,173,44,39074.93,partial,49,377300,2025-01-04,338225.07
1740,Customer_1740,customer1740@mail.com,sold,Wheat,2023-04-19,2023-08-05,18,900,108,40,2592.0,no,36,0,2023-08-05,-2592.0
357,Customer_357,customer357@mail.com,sold,Barley,2024-02-14,2024-05-22,86,2150,98,24,6742.4,partial,46,0,2024-05-22,-6742.4
369,Customer_369,customer369@mail.com,storing,Maize,2024-06-29,2024-11-02,55,1375,126,24,5544.0,partial,46,63250,2024-11-02,57706.0
1363,Customer_1363,customer1363@mail.com,sold,Millet,2024-05-21,2024-11-13,197,9850,176,59,68188.27,partial,42,413700,2024-11-13,345511.73
1269,Customer_1269,customer1269@mail.com,stored,Maize,2023-09-15,2023-12-17,53,1325,93,55,9036.5,partial,41,54325,2023-12-17,45288.5
1977,Customer_1977,customer1977@mail.com,sold,Millet,2023-10-13,2023-11-25,37,1850,43,59,3128.97,no,28,0,2023-11-25,-3128.97
1003,Customer_1003,customer1003@mail.com,stored,Rice,2023-10-16,2023-12-23,188,9400,68,24,10227.2,yes,55,0,2023-12-23,-10227.2
1379,Customer_1379,customer1379@mail.com,stored,Sorghum,2024-03-07,2024-06-18,83,2075,103,43,12253.57,partial,48,0,2024-06-18,-12253.57
1618,Customer_1618,customer1618@mail.com,sold,Wheat,2024-01-09,2024-02-03,40,1000,25,51,1700.0,partial,27,0,2024-02-03,-1700.0
756,Customer_756,customer756@mail.com,storing,Wheat,2024-01-20,2024-03-12,16,800,52,45,1248.0,partial,29,0,2024-03-12,-1248.0
180,Customer_180,customer180@mail.com,storing,Rice,2024-07-27,2024-08-26,51,1275,30,49,2499.0,partial,52,66300,2024-08-26,63801.0
1468,Customer_1468,customer1468@mail.com,stored,Wheat,2023-06-02,2023-11-25,65,3250,176,40,15253.33,yes,35,0,2023-11-25,-15253.33
903,Customer_903,customer903@mail.com,storing,Rice,2023-03-05,2023-05-14,120,6000,70,47,13160.0,partial,26,0,2023-05-14,-13160.0
589,Customer_589,customer589@mail.com,storing,Sorghum,2023-12-25,2024-05-18,81,2025,145,54,21141.0,yes,29,0,2024-05-18,-21141.0
832,Customer_832,customer832@mail.com,stored,Sorghum,2023-09-01,2023-09-29,99,4950,28,24,2217.6,partial,26,128700,2023-09-29,126482.4
1662,Customer_1662,customer1662@mail.com,storing,Rice,2023-08-23,2023-10-23,195,9750,61,21,8326.5,partial,27,0,2023-10-23,-8326.5
648,Customer_648,customer648@mail.com,sold,Sorghum,2024-07-26,2025-01-05,12,300,163,57,3716.4,partial,48,14400,2025-01-05,10683.6
287,Customer_287,customer287@mail.com,storing,Wheat,2023-07-30,2023-11-11,45,2250,104,43,6708.0,no,31,69750,2023-11-11,63042.0
93,Customer_93,customer93@mail.com,stored,Millet,2024-06-18,2024-12-12,181,4525,177,56,59802.4,partial,52,235300,2024-12-12,175497.6
821,Customer_821,customer821@mail.com,sold,Wheat,2024-04-05,2024-04-16,102,2550,11,23,860.2,no,43,109650,2024-04-16,108789.8
1499,Customer_1499,customer1499@mail.com,storing,Wheat,2023-04-20,2023-07-14,103,2575,85,35,10214.17,no,36,0,2023-07-14,-10214.17
1115,Customer_1115,customer1115@mail.com,sold,Sorghum,2023-06-28,2023-10-22,82,4100,116,44,13950.93,no,38,0,2023-10-22,-13950.93
796,Customer_796,customer796@mail.com,storing,Maize,2023-06-19,2023-09-14,61,3050,87,48,8491.2,no,49,149450,2023-09-14,140958.8
752,Customer_752,customer752@mail.com,storing,Maize,2023-03-15,2023-07-23,136,3400,130,44,25930.67,no,34,0,2023-07-23,-25930.67
916,Customer_916,customer916@mail.com,stored,Wheat,2023-12-10,2024-02-01,132,6600,53,44,10260.8,partial,54,356400,2024-02-01,346139.2
236,Customer_236,customer236@mail.com,sold,Millet,2023-06-15,2023-09-21,144,7200,98,53,24931.2,partial,44,316800,2023-09-21,291868.8
99,Customer_99,customer99@mail.com,sold,Wheat,2024-07-18,2024-10-31,193,9650,105,60,40530.0,yes,45,434250,2024-10-31,393720.0
1102,Customer_1102,customer1102@mail.com,sold,Sorghum,2023-07-16,2024-01-10,39,1950,178,49,11338.6,no,51,0,2024-01-10,-11338.6
1080,Customer_1080,customer1080@mail.com,storing,Sorghum,2024-07-23,2024-09-13,121,3025,52,30,6292.0,yes,26,78650,2024-09-13,72358.0
1139,Customer_1139,customer1139@mail.com,storing,Sorghum,2024-06-29,2024-10-24,34,1700,117,53,7027.8,no,29,49300,2024-10-24,42272.2
1869,Customer_1869,customer1869@mail.com,storing,Maize,2023-02-12,2023-07-07,14,700,145,27,1827.0,no,46,0,2023-07-07,-1827.0
1858,Customer_1858,customer1858@mail.com,storing,Sorghum,2023-12-18,2024-01-24,164,4100,37,27,5461.2,no,31,0,2024-01-24,-5461.2
443,Customer_443,customer443@mail.com,stored,Sorghum,2024-06-21,2024-09-06,17,425,77,39,1701.7,no,38,16150,2024-09-06,14448.3
1828,Customer_1828,customer1828@mail.com,sold,Maize,2023-11-13,2023-11-27,99,4950,14,53,2448.6,no,35,173250,2023-11-27,170801.4
447,Customer_447,customer447@mail.com,storing,Millet,2024-04-25,2024-09-05,131,3275,133,47,27296.03,partial,38,0,2024-09-05,-27296.03
1486,Customer_1486,customer1486@mail.com,stored,Rice,2024-07-08,2025-01-01,151,3775,177,25,22272.5,yes,33,124575,2025-01-01,102302.5
1598,Customer_1598,customer1598@mail.com,storing,Sorghum,2023-04-03,2023-06-05,146,7300,63,35,10731.0,yes,55,401500,2023-06-05,390769.0
27,Customer_27,customer27@mail.com,storing,Rice,2023-03-05,2023-08-16,163,4075,164,45,40098.0,no,30,0,2023-08-16,-40098.0
865,Customer_865,customer865@mail.com,stored,Sorghum,2023-09-17,2024-03-15,25,1250,180,22,3300.0,no,54,67500,2024-03-15,64200.0
777,Customer_777,customer777@mail.com,stored,Maize,2024-02-24,2024-07-04,130,3250,131,29,16462.33,partial,53,0,2024-07-04,-16462.33
1384,Customer_1384,customer1384@mail.com,sold,Millet,2023-11-11,2023-11-29,129,6450,18,44,3405.6,partial,26,0,2023-11-29,-3405.6
436,Customer_436,customer436@mail.com,sold,Sorghum,2023-12-18,2024-05-22,45,1125,156,38,8892.0,no,54,60750,2024-05-22,51858.0
407,Customer_407,customer407@mail.com,storing,Maize,2023-10-23,2024-04-09,179,4475,169,27,27225.9,yes,27,120825,2024-04-09,93599.1
1596,Customer_1596,customer1596@mail.com,storing,Rice,2023-06-25,2023-09-23,173,8650,90,60,31140.0,yes,26,224900,2023-09-23,193760.0
1139,Customer_1139,customer1139@mail.com,storing,Wheat,2023-09-12,2023-12-20,47,2350,99,21,3257.1,yes,32,0,2023-12-20,-3257.1
120,Customer_120,customer120@mail.com,stored,Rice,2024-04-10,2024-09-29,200,10000,172,28,32106.67,no,31,310000,2024-09-29,277893.33
69,Customer_69,customer69@mail.com,stored,Rice,2023-03-12,2023-05-04,73,1825,53,27,3482.1,no,30,54750,2023-05-04,51267.9
893,Customer_893,customer893@mail.com,stored,Wheat,2023-09-17,2023-12-01,33,1650,75,25,2062.5,partial,43,0,2023-12-01,-2062.5
1932,Customer_1932,customer1932@mail.com,sold,Maize,2023-01-06,2023-05-01,50,2500,115,52,9966.67,partial,27,67500,2023-05-01,57533.33
1685,Customer_1685,customer1685@mail.com,storing,Rice,2023-05-26,2023-07-06,190,4750,41,23,5972.33,partial,50,0,2023-07-06,-5972.33
1416,Customer_1416,customer1416@mail.com,stored,Maize,2023-05-06,2023-08-02,41,2050,88,40,4810.67,yes,52,106600,2023-08-02,101789.33
135,Customer_135,customer135@mail.com,sold,Rice,2023-03-28,2023-07-12,117,5850,106,52,21496.8,no,27,0,2023-07-12,-21496.8
183,Customer_183,customer183@mail.com,sold,Barley,2023-03-28,2023-07-24,153,7650,118,56,33700.8,yes,27,0,2023-07-24,-33700.8
844,Customer_844,customer844@mail.com,stored,Barley,2023-08-15,2023-09-30,36,1800,46,59,3256.8,partial,53,0,2023-09-30,-3256.8
383,Customer_383,customer383@mail.com,sold,Maize,2023-03-06,2023-06-23,150,7500,109,21,11445.0,partial,40,300000,2023-06-23,288555.0
944,Customer_944,customer944@mail.com,storing,Barley,2023-04-04,2023-08-10,157,3925,128,53,35502.93,no,44,172700,2023-08-10,137197.07
1470,Customer_1470,customer1470@mail.com,stored,Barley,2023-01-20,2023-01-31,183,4575,11,48,3220.8,partial,54,0,2023-01-31,-3220.8
892,Customer_892,customer892@mail.com,stored,Millet,2023-12-07,2024-04-11,78,1950,126,28,9172.8,no,51,99450,2024-04-11,90277.2
486,Customer_486,customer486@mail.com,stored,Millet,2024-06-02,2024-07-26,92,4600,54,31,5133.6,yes,32,147200,2024-07-26,142066.4
879,Customer_879,customer879@mail.com,storing,Maize,2024-08-14,2025-01-06,126,3150,145,56,34104.0,partial,34,107100,2025-01-06,72996.0
596,Customer_596,customer596@mail.com,storing,Barley,2023-04-10,2023-07-24,95,4750,105,41,13632.5,yes,42,0,2023-07-24,-13632.5
1935,Customer_1935,customer1935@mail.com,stored,Millet,2023-10-19,2023-10-31,120,6000,12,49,2352.0,no,45,0,2023-10-31,-2352.0
1491,Customer_1491,customer1491@mail.com,storing,Millet,2023-07-22,2023-11-02,45,2250,103,41,6334.5,no,49,0,2023-11-02,-6334.5
38,Customer_38,customer38@mail.com,sold,Sorghum,2023-10-11,2024-03-21,135,6750,162,47,34263.0,yes,37,249750,2024-03-21,215487.0
888,Customer_888,customer888@mail.com,sold,Millet,2024-08-11,2025-01-20,26,1300,162,32,4492.8,partial,53,68900,2025-01-20,64407.2
1682,Customer_1682,customer1682@mail.com,sold,Wheat,2023-08-07,2023-09-22,22,550,46,51,1720.4,no,48,0,2023-09-22,-1720.4
781,Customer_781,customer781@mail.com,stored,Barley,2023-07-07,2023-11-06,103,2575,122,21,8796.2,no,51,131325,2023-11-06,122528.8
798,Customer_798,customer798@mail.com,sold,Rice,2023-06-28,2023-09-03,130,3250,67,60,17420.0,partial,31,0,2023-09-03,-17420.0
1542,Customer_1542,customer1542@mail.com,storing,Maize,2023-10-01,2024-01-08,161,4025,99,25,13282.5,yes,28,112700,2024-01-08,99417.5
1514,Customer_1514,customer1514@mail.com,sold,Barley,2023-07-16,2023-09-05,200,5000,51,34,11560.0,no,31,0,2023-09-05,-11560.0
352,Customer_352,customer352@mail.com,stored,Barley,2024-03-05,2024-06-15,158,7900,102,57,30620.4,no,30,0,2024-06-15,-30620.4
1528,Customer_1528,customer1528@mail.com,stored,Maize,2023-02-17,2023-06-23,16,800,126,44,2956.8,yes,28,0,2023-06-23,-2956.8
1196,Customer_1196,customer1196@mail.com,storing,Wheat,2024-05-31,2024-10-16,48,2400,138,45,9936.0,no,33,0,2024-10-16,-9936.0
42,Customer_42,customer42@mail.com,stored,Rice,2023-10-19,2024-02-09,12,300,113,33,1491.6,no,39,0,2024-02-09,-1491.6
171,Customer_171,customer171@mail.com,stored,Wheat,2024-05-12,2024-08-17,60,3000,97,49,9506.0,partial,28,0,2024-08-17,-9506.0
239,Customer_239,customer239@mail.com,stored,Wheat,2023-10-09,2024-02-23,35,875,137,20,3196.67,partial,36,0,2024-02-23,-3196.67
1335,Customer_1335,customer1335@mail.com,storing,Rice,2023-06-22,2023-12-15,71,3550,176,42,17494.4,partial,25,0,2023-12-15,-17494.4
1033,Customer_1033,customer1033@mail.com,stored,Millet,2023-11-22,2024-04-04,32,1600,134,25,3573.33,partial,29,46400,2024-04-04,42826.67
921,Customer_921,customer921@mail.com,sold,Rice,2024-06-16,2024-07-02,93,4650,16,26,1289.6,partial,49,0,2024-07-02,-1289.6
306,Customer_306,customer306@mail.com,stored,Rice,2023-06-07,2023-08-20,172,8600,74,32,13576.53,partial,27,0,2023-08-20,-13576.53
821,Customer_821,customer821@mail.com,stored,Barley,2024-02-24,2024-06-17,108,2700,114,53,21751.2,yes,28,0,2024-06-17,-21751.2
1561,Customer_1561,customer1561@mail.com,storing,Barley,2023-04-30,2023-07-11,145,7250,72,39,13572.0,partial,26,188500,2023-07-11,174928.0
734,Customer_734,customer734@mail.com,storing,Wheat,2024-06-02,2024-07-07,10,250,35,45,525.0,no,32,0,2024-07-07,-525.0
575,Customer_575,customer575@mail.com,storing,Wheat,2024-05-22,2024-10-18,74,3700,149,55,20214.33,yes,40,0,2024-10-18,-20214.33
1405,Customer_1405,customer1405@mail.com,storing,Barley,2023-05-24,2023-10-23,190,9500,152,20,19253.33,yes,31,0,2023-10-23,-19253.33
463,Customer_463,customer463@mail.com,stored,Rice,2023-08-03,2023-09-27,25,625,55,54,2475.0,no,29,0,2023-09-27,-2475.0
1516,Customer_1516,customer1516@mail.com,sold,Barley,2023-06-19,2023-07-25,92,4600,36,25,2760.0,no,55,253000,2023-07-25,250240.0
984,Customer_984,customer984@mail.com,storing,Rice,2024-08-22,2025-01-20,12,600,151,24,1449.6,no,48,28800,2025-01-20,27350.4
1119,Customer_1119,customer1119@mail.com,storing,Barley,2023-06-04,2023-09-27,195,4875,115,57,42607.5,no,43,0,2023-09-27,-42607.5
589,Customer_589,customer589@mail.com,storing,Barley,2024-06-13,2024-08-28,55,1375,76,21,2926.0,yes,25,0,2024-08-28,-2926.0
29,Customer_29,customer29@mail.com,sold,Wheat,2024-07-01,2024-07-13,47,2350,12,43,808.4,yes,41,96350,2024-07-13,95541.6
576,Customer_576,customer576@mail.com,storing,Millet,2023-11-28,2024-03-24,15,375,117,28,1638.0,no,27,0,2024-03-24,-1638.0
278,Customer_278,customer278@mail.com,storing,Barley,2023-02-25,2023-08-05,22,550,161,25,2951.67,yes,26,14300,2023-08-05,11348.33
318,Customer_318,customer318@mail.com,stored,Millet,2023-03-21,2023-09-04,171,8550,167,30,28557.0,partial,26,222300,2023-09-04,193743.0
1468,Customer_1468,customer1468@mail.com,sold,Wheat,2023-02-09,2023-05-23,199,9950,103,39,26646.1,yes,54,537300,2023-05-23,510653.9
1595,Customer_1595,customer1595@mail.com,stored,Barley,2023-12-27,2024-05-28,164,4100,153,38,31783.2,no,25,0,2024-05-28,-31783.2
203,Customer_203,customer203@mail.com,stored,Millet,2023-06-07,2023-10-25,105,2625,140,39,19110.0,yes,47,123375,2023-10-25,104265.0
1133,Customer_1133,customer1133@mail.com,stored,Millet,2023-03-29,2023-06-11,69,1725,74,38,6467.6,partial,26,0,2023-06-11,-6467.6
733,Customer_733,customer733@mail.com,storing,Wheat,2023-03-22,2023-04-04,27,675,13,34,397.8,no,28,0,2023-04-04,-397.8
682,Customer_682,customer682@mail.com,storing,Millet,2023-04-22,2023-07-22,21,1050,91,54,3439.8,partial,40,0,2023-07-22,-3439.8
843,Customer_843,customer843@mail.com,storing,Barley,2023-08-04,2023-08-25,47,1175,21,23,756.7,no,41,48175,2023-08-25,47418.3
437,Customer_437,customer437@mail.com,stored,Maize,2023-03-22,2023-07-15,168,4200,115,45,28980.0,yes,32,134400,2023-07-15,105420.0
1963,Customer_1963,customer1963@mail.com,sold,Wheat,2023-11-23,2023-12-18,55,2750,25,51,2337.5,partial,33,90750,2023-12-18,88412.5
580,Customer_580,customer580@mail.com,sold,Rice,2023-07-31,2023-08-10,115,2875,10,33,1265.0,no,43,123625,2023-08-10,122360.0
1406,Customer_1406,customer1406@mail.com,storing,Millet,2023-07-19,2023-10-12,81,4050,85,35,8032.5,no,38,153900,2023-10-12,145867.5
528,Customer_528,customer528@mail.com,stored,Wheat,2024-04-03,2024-05-23,193,4825,50,50,16083.33,yes,55,0,2024-05-23,-16083.33
1454,Customer_1454,customer1454@mail.com,stored,Rice,2023-03-14,2023-03-29,187,9350,15,33,3085.5,no,50,467500,2023-03-29,464414.5
1252,Customer_1252,customer1252@mail.com,storing,Barley,2024-01-29,2024-02-24,75,1875,26,55,3575.0,partial,34,0,2024-02-24,-3575.0
1230,Customer_1230,customer1230@mail.com,storing,Sorghum,2023-11-05,2023-12-29,57,1425,54,36,3693.6,no,39,55575,2023-12-29,51881.4
268,Customer_268,customer268@mail.com,sold,Rice,2024-02-21,2024-07-15,112,5600,145,23,12450.67,no,47,0,2024-07-15,-12450.67
1873,Customer_1873,customer1873@mail.com,stored,Maize,2024-04-22,2024-08-05,163,8150,105,56,31948.0,partial,34,277100,2024-08-05,245152.0
248,Customer_248,customer248@mail.com,stored,Wheat,2023-06-25,2023-08-17,169,8450,53,28,8359.87,no,36,0,2023-08-17,-8359.87
1969,Customer_1969,customer1969@mail.com,storing,Millet,2024-04-15,2024-06-20,35,875,66,45,3465.0,no,45,0,2024-06-20,-3465.0
1851,Customer_1851,customer1851@mail.com,storing,Maize,2023-10-12,2024-01-08,154,7700,88,57,25748.8,no,54,415800,2024-01-08,390051.2
1743,Customer_1743,customer1743@mail.com,stored,Rice,2024-04-13,2024-07-01,129,3225,79,54,18343.8,no,52,167700,2024-07-01,149356.2
543,Customer_543,customer543@mail.com,storing,Millet,2024-03-30,2024-07-15,76,1900,107,45,12198.0,partial,29,55100,2024-07-15,42902.0
506,Customer_506,customer506@mail.com,stored,Barley,2023-01-30,2023-06-01,112,2800,122,41,18674.13,no,32,0,2023-06-01,-18674.13
162,Customer_162,customer162@mail.com,stored,Rice,2024-04-01,2024-09-08,157,7850,160,20,16746.67,no,38,0,2024-09-08,-16746.67
837,Customer_837,customer837@mail.com,sold,Rice,2024-05-22,2024-10-19,177,4425,150,39,34515.0,no,30,0,2024-10-19,-34515.0
181,Customer_181,customer181@mail.com,stored,Maize,2023-03-06,2023-07-24,89,4450,140,46,19105.33,partial,26,0,2023-07-24,-19105.33
252,Customer_252,customer252@mail.com,stored,Wheat,2023-05-07,2023-09-11,156,3900,127,20,13208.0,yes,44,171600,2023-09-11,158392.0
112,Customer_112,customer112@mail.com,sold,Rice,2024-08-15,2024-11-16,85,4250,93,50,13175.0,partial,30,0,2024-11-16,-13175.0
1711,Customer_1711,customer1711@mail.com,sold,Barley,2023-06-06,2023-06-25,116,5800,19,25,1836.67,yes,51,295800,2023-06-25,293963.33
1505,Customer_1505,customer1505@mail.com,sold,Sorghum,2023-11-25,2024-02-02,146,3650,69,35,11753.0,no,54,0,2024-02-02,-11753.0
1516,Customer_1516,customer1516@mail.com,storing,Sorghum,2024-08-06,2024-09-03,178,4450,28,57,9469.6,yes,47,0,2024-09-03,-9469.6
1592,Customer_1592,customer1592@mail.com,stored,Wheat,2023-03-09,2023-04-24,131,6550,46,27,5423.4,partial,55,0,2023-04-24,-5423.4
1761,Customer_1761,customer1761@mail.com,sold,Sorghum,2023-03-28,2023-07-23,95,4750,117,54,20007.0,yes,49,0,2023-07-23,-20007.0
442,Customer_442,customer442@mail.com,stored,Wheat,2023-02-02,2023-03-17,171,4275,43,45,11029.5,no,36,153900,2023-03-17,142870.5
793,Customer_793,customer793@mail.com,storing,Sorghum,2023-01-09,2023-06-21,40,2000,163,36,7824.0,yes,29,0,2023-06-21,-7824.0
1872,Customer_1872,customer1872@mail.com,stored,Wheat,2024-01-20,2024-04-14,81,2025,85,50,11475.0,yes,34,0,2024-04-14,-11475.0
425,Customer_425,customer425@mail.com,storing,Wheat,2023-04-30,2023-07-20,121,3025,81,34,11107.8,yes,41,124025,2023-07-20,112917.2
810,Customer_810,customer810@mail.com,storing,Barley,2023-08-01,2024-01-05,177,4425,157,54,50020.2,yes,47,0,2024-01-05,-50020.2
1124,Customer_1124,customer1124@mail.com,stored,Maize,2023-12-27,2024-02-02,103,5150,37,42,5335.4,no,55,283250,2024-02-02,277914.6
667,Customer_667,customer667@mail.com,stored,Sorghum,2024-01-19,2024-05-16,31,775,118,57,6950.2,yes,42,0,2024-05-16,-6950.2
1154,Customer_1154,customer1154@mail.com,stored,Maize,2024-05-22,2024-08-19,130,3250,89,37,14269.67,partial,25,81250,2024-08-19,66980.33
1818,Customer_1818,customer1818@mail.com,sold,Wheat,2024-07-05,2024-07-18,41,1025,13,54,959.4,partial,26,0,2024-07-18,-959.4
1344,Customer_1344,customer1344@mail.com,sold,Maize,2024-06-06,2024-11-13,195,4875,160,39,40560.0,no,50,243750,2024-11-13,203190.0
1010,Customer_1010,customer1010@mail.com,stored,Wheat,2023-10-24,2024-01-06,97,4850,74,40,9570.67,yes,29,0,2024-01-06,-9570.67
1418,Customer_1418,customer1418@mail.com,sold,Wheat,2024-06-07,2024-10-14,16,400,129,42,2889.6,yes,25,0,2024-10-14,-2889.6
179,Customer_179,customer179@mail.com,storing,Millet,2023-03-25,2023-07-26,199,4975,123,22,17949.8,no,43,0,2023-07-26,-17949.8
1290,Customer_1290,customer1290@mail.com,sold,Maize,2023-02-14,2023-07-27,81,2025,163,26,11442.6,partial,32,0,2023-07-27,-11442.6
577,Customer_577,customer577@mail.com,storing,Barley,2023-09-20,2023-12-25,161,4025,96,38,19577.6,yes,51,0,2023-12-25,-19577.6
103,Customer_103,customer103@mail.com,stored,Rice,2023-09-01,2023-12-07,182,4550,97,49,28834.87,yes,49,0,2023-12-07,-28834.87
634,Customer_634,customer634@mail.com,stored,Sorghum,2023-02-04,2023-06-30,50,1250,146,46,11193.33,yes,38,47500,2023-06-30,36306.67
124,Customer_124,customer124@mail.com,storing,Rice,2023-12-11,2024-03-22,40,1000,102,20,2720.0,partial,25,25000,2024-03-22,22280.0
1276,Customer_1276,customer1276@mail.com,sold,Rice,2023-03-15,2023-06-18,50,2500,95,44,6966.67,yes,32,80000,2023-06-18,73033.33
1237,Customer_1237,customer1237@mail.com,storing,Maize,2023-04-06,2023-05-22,32,800,46,52,2551.47,yes,45,36000,2023-05-22,33448.53
401,Customer_401,customer401@mail.com,storing,Millet,2023-04-06,2023-08-13,97,4850,129,44,18352.4,partial,25,121250,2023-08-13,102897.6
226,Customer_226,customer226@mail.com,storing,Maize,2023-08-06,2023-09-06,149,3725,31,23,3541.23,no,55,0,2023-09-06,-3541.23
380,Customer_380,customer380@mail.com,sold,Rice,2024-01-25,2024-02-17,51,2550,23,25,977.5,partial,32,81600,2024-02-17,80622.5
427,Customer_427,customer427@mail.com,stored,Maize,2023-04-26,2023-10-03,192,4800,160,34,34816.0,partial,40,0,2023-10-03,-34816.0
943,Customer_943,customer943@mail.com,sold,Barley,2024-08-09,2025-01-10,107,2675,154,56,30758.93,partial,50,133750,2025-01-10,102991.07
865,Customer_865,customer865@mail.com,storing,Barley,2023-11-03,2024-01-12,148,3700,70,33,11396.0,partial,26,0,2024-01-12,-11396.0
1526,Customer_1526,customer1526@mail.com,sold,Rice,2024-03-09,2024-04-26,77,3850,48,56,6899.2,no,31,0,2024-04-26,-6899.2
927,Customer_927,customer927@mail.com,storing,Rice,2023-07-29,2023-12-28,150,3750,152,51,38760.0,partial,30,0,2023-12-28,-38760.0
472,Customer_472,customer472@mail.com,storing,Maize,2024-07-25,2024-10-10,52,2600,77,34,4537.87,partial,34,88400,2024-10-10,83862.13
1639,Customer_1639,customer1639@mail.com,sold,Wheat,2024-03-09,2024-08-18,26,650,162,55,7722.0,yes,43,0,2024-08-18,-7722.0
523,Customer_523,customer523@mail.com,storing,Wheat,2024-02-06,2024-03-01,54,1350,24,39,1684.8,yes,37,49950,2024-03-01,48265.2
858,Customer_858,customer858@mail.com,storing,Maize,2024-07-22,2024-10-29,141,7050,99,37,17216.1,no,29,204450,2024-10-29,187233.9
1925,Customer_1925,customer1925@mail.com,sold,Maize,2023-04-16,2023-10-09,15,750,176,58,5104.0,no,41,0,2023-10-09,-5104.0
321,Customer_321,customer321@mail.com,storing,Wheat,2024-05-25,2024-07-15,157,7850,51,39,10409.1,no,32,0,2024-07-15,-10409.1
482,Customer_482,customer482@mail.com,storing,Sorghum,2023-06-07,2023-08-21,190,9500,75,46,21850.0,yes,48,0,2023-08-21,-21850.0
1488,Customer_1488,customer1488@mail.com,storing,Rice,2023-09-20,2024-02-04,105,2625,137,37,17741.5,no,31,81375,2024-02-04,63633.5
1335,Customer_1335,customer1335@mail.com,sold,Millet,2024-08-21,2025-02-12,45,1125,175,30,7875.0,no,54,0,2025-02-12,-7875.0
875,Customer_875,customer875@mail.com,storing,Rice,2024-01-29,2024-05-30,131,6550,122,52,27702.13,no,33,0,2024-05-30,-27702.13
198,Customer_198,customer198@mail.com,storing,Maize,2024-08-18,2024-08-30,49,2450,12,40,784.0,no,52,0,2024-08-30,-784.0
1858,Customer_1858,customer1858@mail.com,sold,Wheat,2023-08-05,2023-09-21,155,7750,47,53,12870.17,partial,50,387500,2023-09-21,374629.83
849,Customer_849,customer849@mail.com,sold,Millet,2023-12-04,2024-05-31,89,2225,179,60,31862.0,no,50,111250,2024-05-31,79388.0
469,Customer_469,customer469@mail.com,storing,Barley,2023-08-16,2023-09-08,192,4800,23,27,3974.4,no,36,0,2023-09-08,-3974.4
638,Customer_638,customer638@mail.com,stored,Sorghum,2023-01-01,2023-05-22,176,8800,141,49,40532.8,partial,31,0,2023-05-22,-40532.8
929,Customer_929,customer929@mail.com,stored,Maize,2023-01-09,2023-06-04,167,4175,146,43,34947.53,no,36,150300,2023-06-04,115352.47
135,Customer_135,customer135@mail.com,stored,Millet,2023-06-29,2023-10-06,44,1100,99,50,7260.0,partial,54,0,2023-10-06,-7260.0
913,Customer_913,customer913@mail.com,storing,Maize,2023-07-20,2023-08-29,97,2425,40,27,3492.0,partial,25,0,2023-08-29,-3492.0
299,Customer_299,customer299@mail.com,sold,Rice,2024-05-29,2024-10-04,160,4000,128,47,32085.33,partial,47,0,2024-10-04,-32085.33
775,Customer_775,customer775@mail.com,sold,Millet,2023-03-16,2023-08-27,45,2250,164,28,6888.0,yes,37,83250,2023-08-27,76362.0
1401,Customer_1401,customer1401@mail.com,stored,Barley,2023-11-30,2024-01-23,59,1475,54,42,4460.4,no,34,50150,2024-01-23,45689.6
1668,Customer_1668,customer1668@mail.com,stored,Wheat,2024-02-29,2024-05-03,190,4750,64,22,8917.33,partial,30,142500,2024-05-03,133582.67
1888,Customer_1888,customer1888@mail.com,stored,Rice,2023-08-25,2024-01-04,150,7500,132,32,21120.0,no,33,0,2024-01-04,-21120.0
1892,Customer_1892,customer1892@mail.com,stored,Barley,2023-08-03,2023-11-07,21,525,96,56,3763.2,partial,52,0,2023-11-07,-3763.2
505,Customer_505,customer505@mail.com,stored,Sorghum,2023-06-03,2023-09-12,89,4450,101,20,5992.67,partial,55,244750,2023-09-12,238757.33
456,Customer_456,customer456@mail.com,sold,Barley,2024-03-15,2024-06-27,37,1850,104,23,2950.13,yes,40,74000,2024-06-27,71049.87
1511,Customer_1511,customer1511@mail.com,storing,Millet,2023-10-03,2024-01-20,132,3300,109,24,11510.4,no,34,0,2024-01-20,-11510.4
894,Customer_894,customer894@mail.com,storing,Rice,2023-10-30,2024-02-19,178,4450,112,23,15284.27,no,29,0,2024-02-19,-15284.27
1976,Customer_1976,customer1976@mail.com,sold,Barley,2023-01-03,2023-06-28,149,3725,176,60,52448.0,no,27,100575,2023-06-28,48127.0
1838,Customer_1838,customer1838@mail.com,stored,Rice,2023-12-14,2024-05-26,32,800,164,56,9796.27,no,36,28800,2024-05-26,19003.73
1444,Customer_1444,customer1444@mail.com,sold,Rice,2023-04-01,2023-07-08,122,6100,98,28,11158.93,yes,35,0,2023-07-08,-11158.93
77,Customer_77,customer77@mail.com,stored,Maize,2023-08-27,2023-10-25,67,3350,59,44,5797.73,no,26,87100,2023-10-25,81302.27
1731,Customer_1731,customer1731@mail.com,sold,Wheat,2023-09-05,2023-12-07,106,5300,93,40,13144.0,no,35,185500,2023-12-07,172356.0
367,Customer_367,customer367@mail.com,stored,Sorghum,2024-02-04,2024-07-24,75,1875,171,43,18382.5,yes,47,0,2024-07-24,-18382.5
1291,Customer_1291,customer1291@mail.com,stored,Millet,2024-04-12,2024-08-13,129,6450,123,44,23271.6,partial,46,0,2024-08-13,-23271.6
1420,Customer_1420,customer1420@mail.com,sold,Sorghum,2023-08-06,2023-11-13,159,3975,99,37,19413.9,yes,26,0,2023-11-13,-19413.9
116,Customer_116,customer116@mail.com,stored,Millet,2023-03-15,2023-06-09,11,550,86,48,1513.6,partial,51,28050,2023-06-09,26536.4
190,Customer_190,customer190@mail.com,storing,Maize,2023-06-01,2023-06-11,197,4925,10,26,1707.33,partial,37,0,2023-06-11,-1707.33
1238,Customer_1238,customer1238@mail.com,storing,Barley,2024-05-31,2024-09-14,167,4175,106,41,24192.73,no,34,0,2024-09-14,-24192.73
521,Customer_521,customer521@mail.com,storing,Millet,2023-02-08,2023-07-17,45,1125,159,54,12879.0,yes,50,56250,2023-07-17,43371.0
531,Customer_531,customer531@mail.com,sold,Wheat,2023-02-10,2023-03-25,36,900,43,41,2115.6,partial,34,30600,2023-03-25,28484.4
250,Customer_250,customer250@mail.com,stored,Rice,2023-12-10,2023-12-25,179,8950,15,27,2416.5,no,33,0,2023-12-25,-2416.5
745,Customer_745,customer745@mail.com,sold,Rice,2024-04-15,2024-08-19,194,9700,126,31,25258.8,partial,51,494700,2024-08-19,469441.2
1400,Customer_1400,customer1400@mail.com,storing,Millet,2023-12-03,2024-05-28,157,3925,177,24,22231.2,yes,29,0,2024-05-28,-22231.2
1274,Customer_1274,customer1274@mail.com,sold,Barley,2023-11-20,2024-02-24,151,3775,96,59,28508.8,yes,34,128350,2024-02-24,99841.2
1116,Customer_1116,customer1116@mail.com,sold,Millet,2023-09-21,2024-02-27,21,525,159,60,6678.0,no,26,13650,2024-02-27,6972.0
1086,Customer_1086,customer1086@mail.com,stored,Sorghum,2024-08-02,2025-01-13,57,1425,164,54,16826.4,yes,52,74100,2025-01-13,57273.6
276,Customer_276,customer276@mail.com,sold,Millet,2023-06-15,2023-11-15,142,3550,153,51,36934.2,no,28,0,2023-11-15,-36934.2
1116,Customer_1116,customer1116@mail.com,sold,Sorghum,2024-04-13,2024-05-04,60,3000,21,31,1302.0,no,25,75000,2024-05-04,73698.0
1858,Customer_1858,customer1858@mail.com,stored,Wheat,2024-04-25,2024-10-15,28,1400,173,47,7588.93,yes,51,71400,2024-10-15,63811.07
235,Customer_235,customer235@mail.com,storing,Rice,2024-07-09,2024-12-11,42,1050,155,29,6293.0,no,52,54600,2024-12-11,48307.0
851,Customer_851,customer851@mail.com,storing,Millet,2024-02-05,2024-07-10,85,4250,156,40,17680.0,partial,38,0,2024-07-10,-17680.0
912,Customer_912,customer912@mail.com,stored,Rice,2024-08-14,2024-10-24,71,1775,71,31,5209.03,partial,49,86975,2024-10-24,81765.97
238,Customer_238,customer238@mail.com,storing,Wheat,2023-02-06,2023-05-01,198,9900,84,41,22730.4,partial,29,287100,2023-05-01,264369.6
338,Customer_338,customer338@mail.com,sold,Sorghum,2023-08-11,2023-08-26,173,4325,15,43,3719.5,yes,41,177325,2023-08-26,173605.5
1906,Customer_1906,customer1906@mail.com,sold,Barley,2023-02-05,2023-06-14,44,1100,129,31,5865.2,partial,45,49500,2023-06-14,43634.8
636,Customer_636,customer636@mail.com,stored,Sorghum,2024-03-29,2024-05-26,148,7400,58,53,15165.07,no,37,273800,2024-05-26,258634.93
1726,Customer_1726,customer1726@mail.com,storing,Wheat,2024-04-06,2024-06-06,33,825,61,36,2415.6,yes,40,0,2024-06-06,-2415.6
893,Customer_893,customer893@mail.com,stored,Barley,2024-08-04,2024-09-06,81,4050,33,33,2940.3,partial,43,0,2024-09-06,-2940.3
224,Customer_224,customer224@mail.com,stored,Barley,2023-06-05,2023-10-24,190,9500,141,25,22325.0,no,26,0,2023-10-24,-22325.0
1359,Customer_1359,customer1359@mail.com,sold,Rice,2024-01-25,2024-06-13,70,1750,140,58,18946.67,partial,26,45500,2024-06-13,26553.33
27,Customer_27,customer27@mail.com,stored,Millet,2023-04-25,2023-05-16,97,2425,21,48,3259.2,yes,52,0,2023-05-16,-3259.2
656,Customer_656,customer656@mail.com,storing,Wheat,2023-10-11,2024-03-30,73,1825,171,54,22469.4,no,27,0,2024-03-30,-22469.4
1478,Customer_1478,customer1478@mail.com,sold,Millet,2023-06-03,2023-10-02,169,8450,121,40,27265.33,yes,37,0,2023-10-02,-27265.33
977,Customer_977,customer977@mail.com,storing,Wheat,2023-05-04,2023-05-19,145,3625,15,37,2682.5,yes,35,126875,2023-05-19,124192.5
1480,Customer_1480,customer1480@mail.com,stored,Barley,2023-08-01,2023-09-07,23,1150,37,27,765.9,yes,26,29900,2023-09-07,29134.1
1310,Customer_1310,customer1310@mail.com,stored,Rice,2024-08-04,2025-01-26,47,2350,175,32,8773.33,no,41,0,2025-01-26,-8773.33
162,Customer_162,customer162@mail.com,storing,Wheat,2023-02-04,2023-06-12,38,950,128,40,6485.33,partial,40,38000,2023-06-12,31514.67
656,Customer_656,customer656@mail.com,sold,Sorghum,2023-01-25,2023-07-20,169,8450,176,25,24786.67,no,41,0,2023-07-20,-24786.67
1238,Customer_1238,customer1238@mail.com,storing,Sorghum,2023-06-02,2023-08-31,59,1475,90,52,9204.0,no,26,0,2023-08-31,-9204.0
1818,Customer_1818,customer1818@mail.com,stored,Barley,2023-04-22,2023-09-11,147,7350,142,28,19482.4,partial,30,220500,2023-09-11,201017.6
915,Customer_915,customer915@mail.com,stored,Maize,2024-08-11,2024-12-23,181,9050,134,49,39614.87,no,34,307700,2024-12-23,268085.13
1459,Customer_1459,customer1459@mail.com,stored,Millet,2024-05-03,2024-07-13,189,9450,71,21,9393.3,no,32,302400,2024-07-13,293006.7
1384,Customer_1384,customer1384@mail.com,stored,Rice,2023-09-04,2023-09-19,37,925,15,36,666.0,partial,53,49025,2023-09-19,48359.0
1962,Customer_1962,customer1962@mail.com,storing,Millet,2024-01-23,2024-06-28,171,8550,157,37,33111.3,no,33,0,2024-06-28,-33111.3
553,Customer_553,customer553@mail.com,stored,Sorghum,2023-10-03,2024-03-03,167,4175,152,36,30460.8,partial,48,200400,2024-03-03,169939.2
304,Customer_304,customer304@mail.com,sold,Wheat,2024-03-05,2024-07-17,183,4575,134,56,45774.4,yes,55,0,2024-07-17,-45774.4
475,Customer_475,customer475@mail.com,stored,Sorghum,2024-08-04,2024-12-26,70,1750,144,40,13440.0,partial,26,0,2024-12-26,-13440.0
1062,Customer_1062,customer1062@mail.com,sold,Barley,2023-06-16,2023-12-09,197,9850,176,50,57786.67,yes,52,512200,2023-12-09,454413.33
44,Customer_44,customer44@mail.com,stored,Barley,2023-09-22,2024-03-02,123,3075,162,25,16605.0,partial,48,0,2024-03-02,-16605.0
602,Customer_602,customer602@mail.com,sold,Rice,2023-02-23,2023-06-17,137,6850,114,52,27071.2,no,39,0,2023-06-17,-27071.2
1063,Customer_1063,customer1063@mail.com,sold,Rice,2023-09-12,2024-01-16,68,3400,126,44,12566.4,partial,54,183600,2024-01-16,171033.6
343,Customer_343,customer343@mail.com,sold,Millet,2024-01-05,2024-01-23,82,4100,18,27,1328.4,no,49,0,2024-01-23,-1328.4
1755,Customer_1755,customer1755@mail.com,storing,Rice,2024-05-08,2024-07-14,52,1300,67,36,4180.8,yes,26,33800,2024-07-14,29619.2
733,Customer_733,customer733@mail.com,stored,Barley,2023-07-19,2023-09-04,22,550,47,28,965.07,partial,32,17600,2023-09-04,16634.93
1189,Customer_1189,customer1189@mail.com,sold,Maize,2023-03-19,2023-06-29,198,9900,102,54,36352.8,partial,52,0,2023-06-29,-36352.8
435,Customer_435,customer435@mail.com,stored,Wheat,2023-03-05,2023-06-02,190,9500,89,47,26492.33,no,52,0,2023-06-02,-26492.33
108,Customer_108,customer108@mail.com,storing,Millet,2023-04-22,2023-06-26,178,4450,65,52,20054.67,no,44,0,2023-06-26,-20054.67
1470,Customer_1470,customer1470@mail.com,storing,Maize,2023-11-08,2023-12-07,29,1450,29,50,1401.67,yes,45,65250,2023-12-07,63848.33
1840,Customer_1840,customer1840@mail.com,stored,Rice,2024-08-06,2024-12-01,137,3425,117,29,15494.7,partial,39,133575,2024-12-01,118080.3
1068,Customer_1068,customer1068@mail.com,sold,Maize,2024-06-04,2024-09-09,197,4925,97,43,27389.57,partial,39,0,2024-09-09,-27389.57
18,Customer_18,customer18@mail.com,stored,Millet,2024-01-16,2024-04-01,171,8550,76,24,10396.8,no,44,376200,2024-04-01,365803.2
768,Customer_768,customer768@mail.com,stored,Millet,2023-06-22,2023-10-02,133,6650,102,27,12209.4,partial,30,199500,2023-10-02,187290.6
1622,Customer_1622,customer1622@mail.com,storing,Maize,2024-06-20,2024-10-11,183,9150,113,21,14475.3,partial,41,0,2024-10-11,-14475.3
990,Customer_990,customer990@mail.com,storing,Rice,2023-04-13,2023-09-02,143,3575,142,54,36550.8,partial,39,139425,2023-09-02,102874.2
478,Customer_478,customer478@mail.com,sold,Sorghum,2024-01-28,2024-07-10,102,2550,164,40,22304.0,partial,34,0,2024-07-10,-22304.0
462,Customer_462,customer462@mail.com,stored,Millet,2023-01-12,2023-02-10,91,4550,29,25,2199.17,yes,47,213850,2023-02-10,211650.83
659,Customer_659,customer659@mail.com,storing,Wheat,2023-10-06,2024-01-12,147,7350,98,43,20648.6,partial,25,0,2024-01-12,-20648.6
1770,Customer_1770,customer1770@mail.com,storing,Wheat,2024-04-24,2024-05-28,32,800,34,33,1196.8,yes,25,0,2024-05-28,-1196.8
167,Customer_167,customer167@mail.com,sold,Sorghum,2023-09-07,2023-10-27,150,3750,50,21,5250.0,no,36,0,2023-10-27,-5250.0
1493,Customer_1493,customer1493@mail.com,stored,Millet,2023-06-03,2023-06-16,54,2700,13,30,702.0,yes,45,121500,2023-06-16,120798.0
211,Customer_211,customer211@mail.com,storing,Barley,2023-11-04,2024-01-26,194,4850,83,47,25226.47,no,41,198850,2024-01-26,173623.53
825,Customer_825,customer825@mail.com,storing,Rice,2024-02-12,2024-05-08,83,4150,86,54,12848.4,no,44,182600,2024-05-08,169751.6
672,Customer_672,customer672@mail.com,storing,Sorghum,2023-04-29,2023-08-11,122,3050,104,42,17763.2,yes,50,152500,2023-08-11,134736.8
370,Customer_370,customer370@mail.com,sold,Sorghum,2023-05-11,2023-05-29,77,3850,18,41,1894.2,partial,49,188650,2023-05-29,186755.8
297,Customer_297,customer297@mail.com,storing,Rice,2023-03-05,2023-08-20,59,1475,168,60,19824.0,partial,27,0,2023-08-20,-19824.0
1250,Customer_1250,customer1250@mail.com,sold,Barley,2024-01-05,2024-05-04,22,550,120,37,3256.0,partial,32,0,2024-05-04,-3256.0
1581,Customer_1581,customer1581@mail.com,sold,Rice,2023-02-26,2023-05-02,140,3500,65,32,9706.67,no,35,0,2023-05-02,-9706.67
1185,Customer_1185,customer1185@mail.com,stored,Sorghum,2023-04-05,2023-07-29,177,8850,115,26,17641.0,partial,48,424800,2023-07-29,407159.0
562,Customer_562,customer562@mail.com,sold,Rice,2023-07-17,2023-09-12,199,9950,57,48,18148.8,partial,41,0,2023-09-12,-18148.8
8,Customer_8,customer8@mail.com,storing,Rice,2024-03-22,2024-04-28,178,4450,37,25,5488.33,yes,55,244750,2024-04-28,239261.67
117,Customer_117,customer117@mail.com,storing,Barley,2023-02-16,2023-03-04,67,1675,16,41,1465.07,no,50,0,2023-03-04,-1465.07
434,Customer_434,customer434@mail.com,storing,Maize,2023-09-03,2024-01-10,100,2500,129,20,8600.0,partial,50,0,2024-01-10,-8600.0
1440,Customer_1440,customer1440@mail.com,stored,Rice,2023-09-15,2023-12-02,19,950,78,58,2865.2,yes,41,0,2023-12-02,-2865.2
107,Customer_107,customer107@mail.com,stored,Barley,2023-03-16,2023-09-01,177,4425,169,29,28915.9,no,47,0,2023-09-01,-28915.9
1568,Customer_1568,customer1568@mail.com,sold,Barley,2024-04-08,2024-06-17,126,6300,70,50,14700.0,no,48,302400,2024-06-17,287700.0
651,Customer_651,customer651@mail.com,stored,Sorghum,2024-04-06,2024-09-21,154,3850,168,52,44844.8,yes,25,0,2024-09-21,-44844.8
1428,Customer_1428,customer1428@mail.com,sold,Rice,2024-02-15,2024-02-26,59,1475,11,50,1081.67,partial,34,0,2024-02-26,-1081.67
1802,Customer_1802,customer1802@mail.com,stored,Rice,2023-07-22,2023-12-18,79,3950,149,23,9024.43,yes,45,177750,2023-12-18,168725.57
69,Customer_69,customer69@mail.com,stored,Rice,2023-01-23,2023-03-18,122,6100,54,47,10321.2,partial,50,305000,2023-03-18,294678.8
1334,Customer_1334,customer1334@mail.com,stored,Millet,2023-09-15,2023-11-08,64,3200,54,50,5760.0,yes,41,131200,2023-11-08,125440.0
1801,Customer_1801,customer1801@mail.com,stored,Sorghum,2024-04-12,2024-05-11,117,2925,29,42,4750.2,yes,26,76050,2024-05-11,71299.8
1136,Customer_1136,customer1136@mail.com,storing,Rice,2024-01-28,2024-06-08,59,2950,132,59,15316.4,partial,46,135700,2024-06-08,120383.6
842,Customer_842,customer842@mail.com,storing,Wheat,2024-02-23,2024-04-03,130,3250,40,28,4853.33,partial,50,162500,2024-04-03,157646.67
892,Customer_892,customer892@mail.com,storing,Barley,2023-05-22,2023-06-30,50,1250,39,47,3055.0,yes,30,37500,2023-06-30,34445.0
195,Customer_195,customer195@mail.com,sold,Maize,2024-05-01,2024-09-11,174,4350,133,46,35484.4,partial,30,0,2024-09-11,-35484.4
722,Customer_722,customer722@mail.com,storing,Barley,2023-12-17,2024-03-26,31,1550,100,46,4753.33,no,40,0,2024-03-26,-4753.33
511,Customer_511,customer511@mail.com,storing,Rice,2024-08-17,2025-01-06,157,3925,142,51,37899.8,partial,49,0,2025-01-06,-37899.8
1080,Customer_1080,customer1080@mail.com,stored,Maize,2023-03-01,2023-05-02,86,2150,62,43,7642.53,no,32,0,2023-05-02,-7642.53
208,Customer_208,customer208@mail.com,storing,Maize,2023-06-23,2023-08-14,91,2275,52,53,8359.87,no,45,102375,2023-08-14,94015.13
1360,Customer_1360,customer1360@mail.com,stored,Millet,2024-05-16,2024-10-24,117,5850,161,32,20092.8,no,39,228150,2024-10-24,208057.2
1700,Customer_1700,customer1700@mail.com,stored,Wheat,2024-02-20,2024-05-27,160,8000,97,57,29488.0,partial,45,360000,2024-05-27,330512.0
1860,Customer_1860,customer1860@mail.com,sold,Rice,2023-07-30,2023-10-31,160,8000,93,34,16864.0,yes,30,0,2023-10-31,-16864.0
1662,Customer_1662,customer1662@mail.com,stored,Sorghum,2023-11-29,2024-02-19,12,600,82,36,1180.8,no,52,31200,2024-02-19,30019.2
304,Customer_304,customer304@mail.com,storing,Millet,2023-09-03,2023-09-15,163,8150,12,58,3781.6,yes,37,301550,2023-09-15,297768.4
1405,Customer_1405,customer1405@mail.com,sold,Wheat,2024-08-08,2024-09-13,32,1600,36,47,1804.8,no,45,72000,2024-09-13,70195.2
603,Customer_603,customer603@mail.com,storing,Wheat,2024-01-13,2024-06-07,171,8550,146,43,35784.6,yes,41,350550,2024-06-07,314765.4
429,Customer_429,customer429@mail.com,stored,Sorghum,2023-12-31,2024-02-13,166,4150,44,46,11199.47,yes,32,0,2024-02-13,-11199.47
896,Customer_896,customer896@mail.com,stored,Rice,2024-02-06,2024-05-26,181,9050,110,31,20573.67,yes,25,0,2024-05-26,-20573.67
1945,Customer_1945,customer1945@mail.com,storing,Barley,2024-06-11,2024-10-24,98,4900,135,44,19404.0,no,51,0,2024-10-24,-19404.0
1365,Customer_1365,customer1365@mail.com,stored,Maize,2024-06-15,2024-08-11,64,1600,57,25,3040.0,partial,28,44800,2024-08-11,41760.0
864,Customer_864,customer864@mail.com,sold,Barley,2024-04-21,2024-07-17,10,250,87,43,1247.0,no,52,0,2024-07-17,-1247.0
1490,Customer_1490,customer1490@mail.com,sold,Barley,2023-07-15,2023-12-15,192,4800,153,39,38188.8,partial,26,124800,2023-12-15,86611.2
657,Customer_657,customer657@mail.com,stored,Millet,2023-09-26,2024-03-01,81,4050,157,35,14836.5,yes,36,0,2024-03-01,-14836.5
1340,Customer_1340,customer1340@mail.com,sold,Barley,2023-06-03,2023-07-27,56,1400,54,44,4435.2,no,28,0,2023-07-27,-4435.2
1824,Customer_1824,customer1824@mail.com,stored,Maize,2024-06-30,2024-09-17,11,275,79,44,1274.53,no,55,15125,2024-09-17,13850.47
522,Customer_522,customer522@mail.com,storing,Wheat,2023-03-05,2023-06-05,61,1525,92,40,7482.67,no,31,47275,2023-06-05,39792.33
1589,Customer_1589,customer1589@mail.com,storing,Millet,2023-03-02,2023-05-23,128,6400,82,48,16793.6,partial,48,0,2023-05-23,-16793.6
935,Customer_935,customer935@mail.com,storing,Sorghum,2024-03-23,2024-07-22,104,5200,121,59,24748.53,no,31,161200,2024-07-22,136451.47
1,Customer_1,customer1@mail.com,storing,Barley,2023-12-16,2024-04-13,97,4850,119,38,14621.13,yes,44,0,2024-04-13,-14621.13
111,Customer_111,customer111@mail.com,sold,Millet,2023-12-01,2024-01-07,151,7550,37,27,5028.3,no,37,279350,2024-01-07,274321.7
582,Customer_582,customer582@mail.com,stored,Wheat,2024-07-07,2024-12-07,49,1225,153,25,6247.5,partial,31,0,2024-12-07,-6247.5
407,Customer_407,customer407@mail.com,storing,Sorghum,2023-02-03,2023-08-02,62,3100,180,32,11904.0,no,47,0,2023-08-02,-11904.0
1762,Customer_1762,customer1762@mail.com,storing,Rice,2024-06-17,2024-09-19,168,4200,94,38,20003.2,yes,51,0,2024-09-19,-20003.2
1842,Customer_1842,customer1842@mail.com,sold,Wheat,2023-11-19,2024-03-10,78,1950,112,59,17180.8,yes,29,56550,2024-03-10,39369.2
1578,Customer_1578,customer1578@mail.com,stored,Wheat,2024-03-05,2024-05-14,127,6350,70,60,17780.0,no,27,0,2024-05-14,-17780.0
1548,Customer_1548,customer1548@mail.com,storing,Sorghum,2023-02-08,2023-07-21,46,1150,163,42,10497.2,partial,34,0,2023-07-21,-10497.2
1951,Customer_1951,customer1951@mail.com,sold,Millet,2023-06-16,2023-07-31,160,4000,45,47,11280.0,partial,44,176000,2023-07-31,164720.0
1823,Customer_1823,customer1823@mail.com,sold,Barley,2023-09-11,2024-01-13,193,9650,124,49,39088.93,yes,38,366700,2024-01-13,327611.07
250,Customer_250,customer250@mail.com,stored,Maize,2023-12-05,2024-04-12,46,2300,129,41,8109.8,yes,31,0,2024-04-12,-8109.8
1492,Customer_1492,customer1492@mail.com,stored,Maize,2023-11-21,2024-03-17,158,7900,117,52,32042.4,yes,35,0,2024-03-17,-32042.4
583,Customer_583,customer583@mail.com,stored,Sorghum,2023-03-02,2023-06-08,46,1150,98,48,7212.8,no,30,0,2023-06-08,-7212.8
412,Customer_412,customer412@mail.com,sold,Rice,2023-08-07,2023-09-01,193,4825,25,40,6433.33,yes,35,0,2023-09-01,-6433.33
712,Customer_712,customer712@mail.com,sold,Maize,2024-07-18,2024-08-29,172,8600,42,49,11799.2,yes,28,240800,2024-08-29,229000.8
1915,Customer_1915,customer1915@mail.com,sold,Maize,2024-07-18,2024-12-03,84,4200,138,31,11978.4,no,29,121800,2024-12-03,109821.6
691,Customer_691,customer691@mail.com,stored,Rice,2023-08-02,2023-11-16,162,4050,106,24,13737.6,partial,49,198450,2023-11-16,184712.4
55,Customer_55,customer55@mail.com,stored,Rice,2023-10-14,2023-11-23,68,3400,40,30,2720.0,partial,44,0,2023-11-23,-2720.0
475,Customer_475,customer475@mail.com,sold,Maize,2024-05-12,2024-09-03,67,3350,114,28,7128.8,partial,53,0,2024-09-03,-7128.8
1305,Customer_1305,customer1305@mail.com,storing,Maize,2023-01-29,2023-05-17,27,1350,108,47,4568.4,partial,31,41850,2023-05-17,37281.6
711,Customer_711,customer711@mail.com,sold,Maize,2023-06-04,2023-06-18,129,3225,14,27,1625.4,yes,39,0,2023-06-18,-1625.4
73,Customer_73,customer73@mail.com,stored,Millet,2023-07-10,2023-09-13,149,7450,65,32,10330.67,no,37,0,2023-09-13,-10330.67
95,Customer_95,customer95@mail.com,stored,Wheat,2023-12-05,2023-12-31,116,2900,26,35,3518.67,yes,36,0,2023-12-31,-3518.67
1107,Customer_1107,customer1107@mail.com,stored,Sorghum,2024-07-17,2024-08-11,106,5300,25,31,2738.33,yes,33,0,2024-08-11,-2738.33
1439,Customer_1439,customer1439@mail.com,sold,Barley,2023-07-22,2023-09-20,142,3550,60,27,7668.0,partial,28,99400,2023-09-20,91732.0
681,Customer_681,customer681@mail.com,storing,Rice,2023-11-22,2024-04-15,65,1625,145,34,10681.67,partial,47,76375,2024-04-15,65693.33
870,Customer_870,customer870@mail.com,stored,Barley,2024-01-09,2024-06-07,11,550,150,38,2090.0,yes,45,0,2024-06-07,-2090.0
1029,Customer_1029,customer1029@mail.com,storing,Sorghum,2023-08-01,2023-08-15,13,650,14,27,163.8,yes,50,32500,2023-08-15,32336.2
1843,Customer_1843,customer1843@mail.com,sold,Barley,2024-04-12,2024-07-24,57,2850,103,48,9393.6,yes,39,0,2024-07-24,-9393.6
1749,Customer_1749,customer1749@mail.com,stored,Barley,2023-07-23,2023-08-26,190,9500,34,20,4306.67,yes,27,0,2023-08-26,-4306.67
296,Customer_296,customer296@mail.com,storing,Wheat,2023-02-08,2023-06-18,98,2450,130,27,11466.0,no,42,0,2023-06-18,-11466.0
1001,Customer_1001,customer1001@mail.com,sold,Barley,2023-08-02,2023-10-25,109,2725,84,41,12513.2,partial,54,147150,2023-10-25,134636.8
324,Customer_324,customer324@mail.com,sold,Sorghum,2023-10-24,2024-01-21,140,3500,89,31,12875.33,partial,31,108500,2024-01-21,95624.67
1393,Customer_1393,customer1393@mail.com,sold,Sorghum,2024-03-08,2024-04-19,101,5050,42,33,4666.2,no,41,207050,2024-04-19,202383.8
1116,Customer_1116,customer1116@mail.com,stored,Millet,2023-10-28,2024-02-01,30,1500,96,30,2880.0,yes,43,0,2024-02-01,-2880.0
298,Customer_298,customer298@mail.com,sold,Sorghum,2024-07-18,2025-01-03,144,3600,169,32,25958.4,partial,50,0,2025-01-03,-25958.4
1547,Customer_1547,customer1547@mail.com,storing,Sorghum,2023-12-24,2024-02-17,200,10000,55,60,22000.0,partial,51,0,2024-02-17,-22000.0
913,Customer_913,customer913@mail.com,stored,Millet,2023-12-18,2024-05-28,106,2650,162,57,32626.8,partial,45,119250,2024-05-28,86623.2
236,Customer_236,customer236@mail.com,sold,Rice,2024-05-19,2024-10-15,75,3750,149,60,22350.0,no,29,0,2024-10-15,-22350.0
448,Customer_448,customer448@mail.com,sold,Maize,2023-01-24,2023-04-16,167,4175,82,30,13694.0,partial,55,229625,2023-04-16,215931.0
932,Customer_932,customer932@mail.com,stored,Millet,2024-06-17,2024-10-19,41,2050,124,41,6948.13,yes,51,104550,2024-10-19,97601.87
1698,Customer_1698,customer1698@mail.com,storing,Wheat,2023-08-08,2024-01-11,65,1625,156,48,16224.0,yes,46,0,2024-01-11,-16224.0
435,Customer_435,customer435@mail.com,storing,Sorghum,2023-10-17,2024-01-03,197,4925,78,45,23049.0,no,28,137900,2024-01-03,114851.0
441,Customer_441,customer441@mail.com,storing,Rice,2023-02-03,2023-04-12,122,3050,68,35,9678.67,yes,42,0,2023-04-12,-9678.67
497,Customer_497,customer497@mail.com,sold,Rice,2023-08-08,2023-10-24,185,9250,77,60,28490.0,partial,38,0,2023-10-24,-28490.0
170,Customer_170,customer170@mail.com,sold,Rice,2023-09-04,2024-01-07,162,4050,125,60,40500.0,no,30,0,2024-01-07,-40500.0
721,Customer_721,customer721@mail.com,sold,Millet,2023-06-12,2023-06-28,33,825,16,58,1020.8,no,25,20625,2023-06-28,19604.2
82,Customer_82,customer82@mail.com,sold,Sorghum,2024-02-15,2024-06-09,136,3400,115,27,14076.0,yes,43,0,2024-06-09,-14076.0
1638,Customer_1638,customer1638@mail.com,sold,Sorghum,2023-10-22,2023-11-06,196,4900,15,58,5684.0,no,40,0,2023-11-06,-5684.0
1923,Customer_1923,customer1923@mail.com,sold,Sorghum,2024-07-30,2024-12-01,32,1600,124,26,3438.93,partial,31,49600,2024-12-01,46161.07
1443,Customer_1443,customer1443@mail.com,sold,Rice,2023-02-25,2023-03-27,171,4275,30,46,7866.0,partial,44,188100,2023-03-27,180234.0
1802,Customer_1802,customer1802@mail.com,stored,Millet,2024-06-15,2024-08-05,109,2725,51,53,9820.9,partial,41,0,2024-08-05,-9820.9
1077,Customer_1077,customer1077@mail.com,stored,Sorghum,2024-03-08,2024-06-22,158,7900,106,37,20655.87,no,49,387100,2024-06-22,366444.13
830,Customer_830,customer830@mail.com,sold,Wheat,2023-02-22,2023-04-20,86,2150,57,46,7516.4,no,32,0,2023-04-20,-7516.4
749,Customer_749,customer749@mail.com,storing,Maize,2023-04-24,2023-06-27,18,900,64,28,1075.2,yes,26,0,2023-06-27,-1075.2
356,Customer_356,customer356@mail.com,storing,Wheat,2023-12-21,2024-06-06,132,6600,168,56,41395.2,yes,48,316800,2024-06-06,275404.8
73,Customer_73,customer73@mail.com,storing,Barley,2023-07-30,2023-09-16,67,1675,48,35,3752.0,no,37,61975,2023-09-16,58223.0
1355,Customer_1355,customer1355@mail.com,storing,Millet,2024-02-01,2024-04-12,28,1400,71,28,1855.47,no,33,0,2024-04-12,-1855.47
1914,Customer_1914,customer1914@mail.com,stored,Rice,2024-06-06,2024-09-29,48,2400,115,29,5336.0,yes,28,67200,2024-09-29,61864.0
871,Customer_871,customer871@mail.com,storing,Millet,2024-04-06,2024-04-23,109,5450,17,57,3520.7,no,30,0,2024-04-23,-3520.7
769,Customer_769,customer769@mail.com,sold,Millet,2024-07-11,2024-12-13,46,1150,155,48,11408.0,partial,50,0,2024-12-13,-11408.0
1826,Customer_1826,customer1826@mail.com,storing,Sorghum,2024-07-12,2024-10-25,95,4750,105,43,14297.5,partial,36,0,2024-10-25,-14297.5
1966,Customer_1966,customer1966@mail.com,stored,Sorghum,2024-08-09,2024-09-26,16,400,48,24,614.4,no,51,0,2024-09-26,-614.4
465,Customer_465,customer465@mail.com,storing,Sorghum,2024-02-13,2024-07-18,59,2950,156,43,13192.4,partial,50,147500,2024-07-18,134307.6
45,Customer_45,customer45@mail.com,stored,Maize,2023-08-17,2023-09-13,169,4225,27,38,5779.8,no,45,190125,2023-09-13,184345.2
326,Customer_326,customer326@mail.com,storing,Wheat,2023-01-24,2023-05-23,91,2275,119,58,20936.07,yes,34,0,2023-05-23,-20936.07
952,Customer_952,customer952@mail.com,sold,Wheat,2024-08-19,2024-09-25,184,4600,37,58,13162.13,partial,25,0,2024-09-25,-13162.13
805,Customer_805,customer805@mail.com,storing,Maize,2024-05-16,2024-10-29,100,5000,166,60,33200.0,partial,32,0,2024-10-29,-33200.0
1765,Customer_1765,customer1765@mail.com,sold,Maize,2023-11-19,2023-12-08,89,2225,19,37,2085.57,yes,43,0,2023-12-08,-2085.57
1893,Customer_1893,customer1893@mail.com,sold,Sorghum,2023-02-16,2023-05-19,79,3950,92,41,9932.93,no,53,209350,2023-05-19,199417.07
1219,Customer_1219,customer1219@mail.com,sold,Maize,2024-04-26,2024-06-05,173,8650,40,37,8534.67,no,27,0,2024-06-05,-8534.67
735,Customer_735,customer735@mail.com,stored,Maize,2024-04-23,2024-09-03,179,8950,133,60,47614.0,partial,49,438550,2024-09-03,390936.0
1875,Customer_1875,customer1875@mail.com,storing,Millet,2023-11-05,2024-04-09,139,3475,156,24,17347.2,yes,53,0,2024-04-09,-17347.2
447,Customer_447,customer447@mail.com,stored,Sorghum,2024-03-18,2024-07-20,147,7350,124,31,18835.6,no,42,0,2024-07-20,-18835.6
730,Customer_730,customer730@mail.com,storing,Rice,2024-07-22,2025-01-02,131,3275,164,44,31509.87,yes,41,0,2025-01-02,-31509.87
989,Customer_989,customer989@mail.com,sold,Maize,2024-01-14,2024-04-18,41,1025,95,21,2726.5,no,48,49200,2024-04-18,46473.5
1442,Customer_1442,customer1442@mail.com,stored,Maize,2023-12-26,2024-05-24,46,1150,150,32,7360.0,yes,34,39100,2024-05-24,31740.0
968,Customer_968,customer968@mail.com,storing,Wheat,2023-01-27,2023-04-16,168,4200,79,31,13714.4,partial,31,0,2023-04-16,-13714.4
1526,Customer_1526,customer1526@mail.com,stored,Millet,2024-03-17,2024-05-21,25,1250,65,59,3195.83,partial,33,0,2024-05-21,-3195.83
323,Customer_323,customer323@mail.com,sold,Wheat,2024-03-12,2024-08-19,184,4600,160,44,43178.67,yes,55,0,2024-08-19,-43178.67
716,Customer_716,customer716@mail.com,stored,Sorghum,2023-04-01,2023-08-04,53,2650,125,23,5079.17,partial,34,0,2023-08-04,-5079.17
1219,Customer_1219,customer1219@mail.com,stored,Millet,2023-03-17,2023-08-19,74,3700,155,40,15293.33,yes,25,0,2023-08-19,-15293.33
1884,Customer_1884,customer1884@mail.com,stored,Rice,2024-03-12,2024-07-25,36,1800,135,53,8586.0,partial,51,91800,2024-07-25,83214.0
100,Customer_100,customer100@mail.com,stored,Wheat,2024-04-16,2024-08-04,17,425,110,60,3740.0,no,48,0,2024-08-04,-3740.0
1314,Customer_1314,customer1314@mail.com,storing,Sorghum,2024-03-28,2024-09-18,45,1125,174,27,7047.0,partial,51,0,2024-09-18,-7047.0
1419,Customer_1419,customer1419@mail.com,stored,Sorghum,2024-07-08,2024-11-17,20,500,132,59,5192.0,yes,40,20000,2024-11-17,14808.0
1012,Customer_1012,customer1012@mail.com,sold,Millet,2023-12-25,2024-04-01,88,4400,98,37,10636.27,partial,31,0,2024-04-01,-10636.27
1919,Customer_1919,customer1919@mail.com,storing,Barley,2024-05-06,2024-09-13,78,3900,130,37,12506.0,partial,54,0,2024-09-13,-12506.0
1186,Customer_1186,customer1186@mail.com,storing,Millet,2023-04-15,2023-08-05,144,7200,112,55,29568.0,no,45,324000,2023-08-05,294432.0
121,Customer_121,customer121@mail.com,stored,Barley,2024-05-15,2024-11-01,43,1075,170,37,9015.67,yes,43,46225,2024-11-01,37209.33
1506,Customer_1506,customer1506@mail.com,stored,Maize,2023-02-15,2023-06-06,58,2900,111,28,6008.8,yes,35,101500,2023-06-06,95491.2
684,Customer_684,customer684@mail.com,stored,Rice,2024-01-01,2024-04-22,138,6900,112,57,29366.4,yes,49,0,2024-04-22,-29366.4
185,Customer_185,customer185@mail.com,sold,Millet,2023-12-15,2024-01-23,18,900,39,39,912.6,no,41,36900,2024-01-23,35987.4
1184,Customer_1184,customer1184@mail.com,sold,Maize,2024-01-29,2024-02-08,13,650,10,58,251.33,partial,43,0,2024-02-08,-251.33
1953,Customer_1953,customer1953@mail.com,sold,Millet,2024-03-09,2024-07-09,21,1050,122,34,2903.6,partial,25,0,2024-07-09,-2903.6
5,Customer_5,customer5@mail.com,storing,Millet,2023-10-03,2023-12-19,106,5300,77,34,9250.27,no,30,159000,2023-12-19,149749.73
39,Customer_39,customer39@mail.com,sold,Maize,2023-12-23,2024-03-11,53,2650,79,34,4745.27,yes,25,66250,2024-03-11,61504.73
930,Customer_930,customer930@mail.com,storing,Sorghum,2023-11-19,2024-02-14,124,6200,87,45,16182.0,yes,30,0,2024-02-14,-16182.0
1355,Customer_1355,customer1355@mail.com,sold,Sorghum,2023-09-24,2023-10-26,88,2200,32,35,3285.33,no,29,63800,2023-10-26,60514.67
1310,Customer_1310,customer1310@mail.com,sold,Barley,2023-08-08,2023-12-20,33,1650,134,28,4127.2,yes,32,0,2023-12-20,-4127.2
1982,Customer_1982,customer1982@mail.com,sold,Sorghum,2023-05-10,2023-08-25,64,1600,107,20,4565.33,yes,32,51200,2023-08-25,46634.67
640,Customer_640,customer640@mail.com,storing,Millet,2023-07-17,2023-08-16,29,1450,30,20,580.0,yes,43,62350,2023-08-16,61770.0
1067,Customer_1067,customer1067@mail.com,storing,Wheat,2023-10-12,2024-02-18,84,4200,129,29,10474.8,yes,37,155400,2024-02-18,144925.2
1588,Customer_1588,customer1588@mail.com,stored,Wheat,2023-11-21,2024-03-29,191,9550,129,60,49278.0,yes,45,429750,2024-03-29,380472.0
53,Customer_53,customer53@mail.com,storing,Millet,2023-05-21,2023-08-10,68,1700,81,37,6793.2,partial,46,78200,2023-08-10,71406.8
1052,Customer_1052,customer1052@mail.com,stored,Wheat,2024-07-26,2024-09-30,130,6500,66,38,10868.0,yes,26,0,2024-09-30,-10868.0
652,Customer_652,customer652@mail.com,storing,Maize,2023-01-22,2023-06-04,112,5600,133,31,15392.53,yes,40,224000,2023-06-04,208607.47
106,Customer_106,customer106@mail.com,storing,Wheat,2023-03-05,2023-04-04,142,7100,30,28,3976.0,no,31,220100,2023-04-04,216124.0
1296,Customer_1296,customer1296@mail.com,stored,Millet,2024-01-16,2024-05-03,77,3850,108,52,14414.4,yes,48,0,2024-05-03,-14414.4
1408,Customer_1408,customer1408@mail.com,stored,Rice,2023-08-27,2023-09-19,146,3650,23,57,6380.2,no,46,0,2023-09-19,-6380.2
508,Customer_508,customer508@mail.com,sold,Wheat,2024-05-02,2024-10-17,190,4750,168,34,36176.0,yes,44,209000,2024-10-17,172824.0
95,Customer_95,customer95@mail.com,sold,Maize,2023-04-06,2023-05-06,141,3525,30,29,4089.0,yes,29,0,2023-05-06,-4089.0
790,Customer_790,customer790@mail.com,sold,Millet,2023-03-04,2023-04-20,91,2275,47,50,7128.33,yes,26,0,2023-04-20,-7128.33
1507,Customer_1507,customer1507@mail.com,stored,Barley,2023-04-18,2023-10-07,16,400,172,46,4219.73,partial,32,12800,2023-10-07,8580.27
1284,Customer_1284,customer1284@mail.com,stored,Sorghum,2023-05-31,2023-06-17,31,1550,17,47,825.63,yes,29,44950,2023-06-17,44124.37
6,Customer_6,customer6@mail.com,stored,Sorghum,2024-05-04,2024-07-01,84,4200,58,42,6820.8,partial,37,0,2024-07-01,-6820.8
3,Customer_3,customer3@mail.com,storing,Maize,2023-10-27,2024-04-08,67,3350,164,45,16482.0,partial,35,117250,2024-04-08,100768.0
643,Customer_643,customer643@mail.com,stored,Maize,2023-10-12,2024-01-24,193,4825,104,58,38805.87,yes,54,0,2024-01-24,-38805.87
1742,Customer_1742,customer1742@mail.com,storing,Millet,2023-06-27,2023-10-18,89,2225,113,57,19108.3,yes,51,0,2023-10-18,-19108.3
1910,Customer_1910,customer1910@mail.com,storing,Barley,2023-09-01,2023-11-17,120,6000,77,26,8008.0,partial,35,0,2023-11-17,-8008.0
1854,Customer_1854,customer1854@mail.com,stored,Rice,2023-02-06,2023-07-04,191,4775,148,44,41459.73,no,29,0,2023-07-04,-41459.73
1122,Customer_1122,customer1122@mail.com,sold,Sorghum,2023-11-27,2024-03-10,51,1275,104,37,6541.6,yes,49,0,2024-03-10,-6541.6
1728,Customer_1728,customer1728@mail.com,stored,Rice,2023-06-04,2023-10-18,148,3700,136,28,18786.13,no,48,0,2023-10-18,-18786.13
791,Customer_791,customer791@mail.com,sold,Millet,2024-05-20,2024-09-21,155,3875,124,33,21142.0,no,47,0,2024-09-21,-21142.0
987,Customer_987,customer987@mail.com,sold,Rice,2023-02-12,2023-05-24,69,1725,101,49,11382.7,no,27,0,2023-05-24,-11382.7
166,Customer_166,customer166@mail.com,storing,Barley,2023-09-01,2024-01-01,31,775,122,52,6555.47,partial,55,0,2024-01-01,-6555.47
1272,Customer_1272,customer1272@mail.com,storing,Rice,2023-01-22,2023-04-05,116,2900,73,21,5927.6,no,41,0,2023-04-05,-5927.6
1512,Customer_1512,customer1512@mail.com,sold,Sorghum,2024-04-27,2024-09-25,78,1950,151,32,12563.2,yes,27,0,2024-09-25,-12563.2
135,Customer_135,customer135@mail.com,stored,Sorghum,2023-03-01,2023-06-28,12,600,119,49,2332.4,partial,29,17400,2023-06-28,15067.6
892,Customer_892,customer892@mail.com,storing,Millet,2023-06-07,2023-10-08,189,9450,123,53,41069.7,no,42,0,2023-10-08,-41069.7
1232,Customer_1232,customer1232@mail.com,sold,Wheat,2024-01-15,2024-07-02,81,4050,169,30,13689.0,yes,31,0,2024-07-02,-13689.0
1694,Customer_1694,customer1694@mail.com,stored,Sorghum,2024-03-24,2024-07-30,70,3500,128,54,16128.0,yes,54,0,2024-07-30,-16128.0
566,Customer_566,customer566@mail.com,storing,Sorghum,2023-04-19,2023-05-03,153,7650,14,42,2998.8,partial,40,306000,2023-05-03,303001.2
444,Customer_444,customer444@mail.com,stored,Sorghum,2023-05-19,2023-07-03,34,1700,45,35,1785.0,no,41,69700,2023-07-03,67915.0
260,Customer_260,customer260@mail.com,sold,Millet,2024-03-01,2024-04-19,39,1950,49,54,3439.8,yes,53,0,2024-04-19,-3439.8
196,Customer_196,customer196@mail.com,sold,Maize,2023-05-27,2023-06-09,116,5800,13,25,1256.67,partial,49,0,2023-06-09,-1256.67
1632,Customer_1632,customer1632@mail.com,sold,Millet,2024-06-18,2024-08-04,110,5500,47,21,3619.0,yes,30,0,2024-08-04,-3619.0
974,Customer_974,customer974@mail.com,sold,Barley,2023-09-02,2023-10-24,61,3050,52,39,4123.6,no,30,0,2023-10-24,-4123.6
1458,Customer_1458,customer1458@mail.com,sold,Millet,2023-09-19,2023-12-02,43,1075,74,55,5833.67,no,49,52675,2023-12-02,46841.33
1386,Customer_1386,customer1386@mail.com,sold,Sorghum,2023-08-08,2023-09-22,46,2300,45,50,3450.0,yes,50,115000,2023-09-22,111550.0
1737,Customer_1737,customer1737@mail.com,stored,Rice,2024-05-31,2024-08-16,107,2675,77,42,11534.6,no,49,0,2024-08-16,-11534.6
1982,Customer_1982,customer1982@mail.com,sold,Barley,2024-02-20,2024-03-06,34,1700,15,36,612.0,no,52,0,2024-03-06,-612.0
188,Customer_188,customer188@mail.com,storing,Maize,2023-05-16,2023-11-02,83,4150,170,36,16932.0,partial,46,0,2023-11-02,-16932.0
179,Customer_179,customer179@mail.com,storing,Maize,2023-03-04,2023-05-13,17,850,70,33,1309.0,no,26,22100,2023-05-13,20791.0
1083,Customer_1083,customer1083@mail.com,stored,Wheat,2024-03-13,2024-07-15,16,800,124,51,3372.8,partial,47,37600,2024-07-15,34227.2
1053,Customer_1053,customer1053@mail.com,sold,Sorghum,2023-01-25,2023-07-17,107,2675,173,36,22213.2,yes,43,0,2023-07-17,-22213.2
1335,Customer_1335,customer1335@mail.com,stored,Barley,2024-07-21,2024-10-30,162,4050,101,46,25088.4,partial,47,190350,2024-10-30,165261.6
491,Customer_491,customer491@mail.com,sold,Wheat,2024-05-05,2024-05-24,110,5500,19,35,2438.33,partial,35,192500,2024-05-24,190061.67
755,Customer_755,customer755@mail.com,stored,Wheat,2023-11-10,2023-12-13,21,525,33,22,508.2,partial,32,0,2023-12-13,-508.2
458,Customer_458,customer458@mail.com,storing,Maize,2024-03-24,2024-09-11,65,3250,171,44,16302.0,yes,51,0,2024-09-11,-16302.0
1838,Customer_1838,customer1838@mail.com,sold,Barley,2024-05-03,2024-06-30,161,4025,58,47,14629.53,partial,36,144900,2024-06-30,130270.47
1516,Customer_1516,customer1516@mail.com,storing,Barley,2023-01-10,2023-05-02,81,2025,112,29,8769.6,partial,31,0,2023-05-02,-8769.6
1513,Customer_1513,customer1513@mail.com,stored,Sorghum,2023-04-08,2023-05-23,90,4500,45,55,7425.0,partial,29,0,2023-05-23,-7425.0
543,Customer_543,customer543@mail.com,stored,Barley,2023-09-01,2023-10-03,12,300,32,51,652.8,no,35,10500,2023-10-03,9847.2
843,Customer_843,customer843@mail.com,storing,Wheat,2024-01-28,2024-05-19,167,8350,112,44,27432.53,partial,35,292250,2024-05-19,264817.47
1645,Customer_1645,customer1645@mail.com,stored,Sorghum,2023-09-21,2024-02-07,78,1950,139,33,11926.2,no,43,83850,2024-02-07,71923.8
437,Customer_437,customer437@mail.com,storing,Rice,2023-08-08,2023-10-28,168,8400,81,28,12700.8,yes,33,277200,2023-10-28,264499.2
289,Customer_289,customer289@mail.com,sold,Rice,2023-09-08,2024-01-24,39,975,138,34,6099.6,no,26,0,2024-01-24,-6099.6
1420,Customer_1420,customer1420@mail.com,sold,Maize,2023-11-30,2024-01-12,143,3575,43,36,7378.8,no,51,0,2024-01-12,-7378.8
1442,Customer_1442,customer1442@mail.com,stored,Sorghum,2024-06-12,2024-08-22,178,4450,71,27,11374.2,no,54,0,2024-08-22,-11374.2
1649,Customer_1649,customer1649@mail.com,sold,Maize,2023-07-14,2023-11-26,114,2850,135,39,20007.0,partial,43,122550,2023-11-26,102543.0
1649,Customer_1649,customer1649@mail.com,stored,Maize,2023-03-05,2023-04-11,102,5100,37,20,2516.0,partial,50,255000,2023-04-11,252484.0
154,Customer_154,customer154@mail.com,sold,Sorghum,2023-07-19,2023-08-15,115,2875,27,44,4554.0,partial,42,120750,2023-08-15,116196.0
37,Customer_37,customer37@mail.com,storing,Millet,2023-04-16,2023-08-05,126,3150,111,58,27039.6,yes,53,166950,2023-08-05,139910.4
247,Customer_247,customer247@mail.com,stored,Sorghum,2023-01-22,2023-02-09,61,3050,18,46,1683.6,yes,32,97600,2023-02-09,95916.4
444,Customer_444,customer444@mail.com,storing,Wheat,2023-04-23,2023-08-30,91,2275,129,46,17999.8,no,25,56875,2023-08-30,38875.2
1035,Customer_1035,customer1035@mail.com,stored,Millet,2023-08-15,2023-08-29,13,650,14,57,345.8,yes,52,0,2023-08-29,-345.8
1866,Customer_1866,customer1866@mail.com,storing,Barley,2024-04-16,2024-05-20,74,1850,34,25,2096.67,partial,38,70300,2024-05-20,68203.33
1050,Customer_1050,customer1050@mail.com,stored,Millet,2023-02-10,2023-04-18,196,9800,67,29,12694.27,yes,36,0,2023-04-18,-12694.27
965,Customer_965,customer965@mail.com,stored,Wheat,2023-10-25,2024-04-06,14,700,164,46,3520.53,no,38,26600,2024-04-06,23079.47
1391,Customer_1391,customer1391@mail.com,storing,Wheat,2023-11-17,2024-02-25,66,3300,100,36,7920.0,no,38,0,2024-02-25,-7920.0
1867,Customer_1867,customer1867@mail.com,storing,Sorghum,2024-05-09,2024-06-11,86,2150,33,51,4824.6,yes,48,0,2024-06-11,-4824.6
794,Customer_794,customer794@mail.com,sold,Wheat,2023-05-25,2023-09-05,96,4800,103,21,6921.6,partial,41,196800,2023-09-05,189878.4
1071,Customer_1071,customer1071@mail.com,storing,Sorghum,2023-11-10,2024-02-19,150,7500,101,38,19190.0,no,49,367500,2024-02-19,348310.0
982,Customer_982,customer982@mail.com,stored,Wheat,2024-08-04,2024-09-05,72,3600,32,29,2227.2,partial,49,176400,2024-09-05,174172.8
1408,Customer_1408,customer1408@mail.com,stored,Maize,2023-08-28,2023-10-17,177,8850,50,52,15340.0,partial,28,0,2023-10-17,-15340.0
1743,Customer_1743,customer1743@mail.com,sold,Barley,2024-01-08,2024-02-28,74,1850,51,22,2767.6,yes,43,79550,2024-02-28,76782.4
1577,Customer_1577,customer1577@mail.com,storing,Wheat,2023-09-04,2024-02-15,138,6900,164,25,18860.0,partial,51,0,2024-02-15,-18860.0
699,Customer_699,customer699@mail.com,stored,Maize,2024-04-13,2024-06-25,151,7550,73,53,19473.97,no,44,332200,2024-06-25,312726.03
1509,Customer_1509,customer1509@mail.com,sold,Maize,2023-05-29,2023-11-18,163,8150,173,59,55458.03,yes,47,0,2023-11-18,-55458.03
1169,Customer_1169,customer1169@mail.com,sold,Millet,2023-06-14,2023-11-14,40,1000,153,29,5916.0,no,46,0,2023-11-14,-5916.0
1104,Customer_1104,customer1104@mail.com,storing,Sorghum,2023-02-21,2023-06-18,55,2750,117,59,12655.5,yes,27,74250,2023-06-18,61594.5
1201,Customer_1201,customer1201@mail.com,storing,Maize,2023-05-01,2023-10-18,24,1200,170,59,8024.0,no,43,0,2023-10-18,-8024.0
687,Customer_687,customer687@mail.com,storing,Millet,2023-11-03,2023-11-24,25,1250,21,36,630.0,yes,55,0,2023-11-24,-630.0
1624,Customer_1624,customer1624@mail.com,sold,Millet,2023-07-07,2023-07-29,137,3425,22,44,4420.53,no,53,0,2023-07-29,-4420.53
615,Customer_615,customer615@mail.com,sold,Rice,2024-07-01,2024-11-26,21,525,148,56,5801.6,partial,54,0,2024-11-26,-5801.6
1852,Customer_1852,customer1852@mail.com,sold,Sorghum,2024-01-06,2024-01-16,101,2525,10,48,1616.0,yes,44,111100,2024-01-16,109484.0
24,Customer_24,customer24@mail.com,storing,Rice,2023-12-06,2024-02-23,37,925,79,31,3020.43,partial,37,0,2024-02-23,-3020.43
1181,Customer_1181,customer1181@mail.com,storing,Maize,2023-11-01,2024-03-01,61,1525,121,28,6888.93,yes,27,41175,2024-03-01,34286.07
1587,Customer_1587,customer1587@mail.com,stored,Millet,2023-09-17,2024-02-15,15,750,151,32,2416.0,partial,34,0,2024-02-15,-2416.0
306,Customer_306,customer306@mail.com,stored,Millet,2023-03-26,2023-06-05,114,5700,71,25,6745.0,no,50,0,2023-06-05,-6745.0
1148,Customer_1148,customer1148@mail.com,storing,Sorghum,2023-06-12,2023-07-19,104,5200,37,28,3591.47,yes,44,0,2023-07-19,-3591.47
1053,Customer_1053,customer1053@mail.com,stored,Barley,2024-06-28,2024-12-17,67,1675,172,53,20359.07,partial,25,0,2024-12-17,-20359.07
1199,Customer_1199,customer1199@mail.com,sold,Wheat,2023-07-11,2023-12-01,178,8900,143,34,28847.87,no,39,347100,2023-12-01,318252.13
1710,Customer_1710,customer1710@mail.com,stored,Millet,2024-04-29,2024-09-22,200,10000,146,50,48666.67,partial,45,450000,2024-09-22,401333.33
837,Customer_837,customer837@mail.com,storing,Barley,2024-01-23,2024-04-16,127,6350,84,35,12446.0,partial,40,0,2024-04-16,-12446.0
484,Customer_484,customer484@mail.com,storing,Rice,2023-07-12,2023-09-18,162,4050,68,21,7711.2,partial,25,101250,2023-09-18,93538.8
1992,Customer_1992,customer1992@mail.com,sold,Sorghum,2023-10-28,2024-03-21,180,4500,145,52,45240.0,partial,26,117000,2024-03-21,71760.0
1581,Customer_1581,customer1581@mail.com,storing,Wheat,2023-04-20,2023-06-09,59,1475,50,21,2065.0,partial,27,0,2023-06-09,-2065.0
590,Customer_590,customer590@mail.com,sold,Barley,2024-02-03,2024-05-19,181,9050,106,23,14709.27,no,25,0,2024-05-19,-14709.27
1073,Customer_1073,customer1073@mail.com,storing,Maize,2023-08-10,2023-09-28,81,2025,49,48,6350.4,yes,30,0,2023-09-28,-6350.4
1650,Customer_1650,customer1650@mail.com,stored,Wheat,2024-08-20,2024-12-10,158,3950,112,60,35392.0,no,54,213300,2024-12-10,177908.0
597,Customer_597,customer597@mail.com,stored,Rice,2023-11-08,2024-04-23,64,1600,167,25,8906.67,no,33,0,2024-04-23,-8906.67
70,Customer_70,customer70@mail.com,stored,Barley,2023-06-18,2023-08-16,110,2750,59,32,6922.67,no,47,0,2023-08-16,-6922.67
971,Customer_971,customer971@mail.com,storing,Millet,2023-09-27,2023-11-17,40,1000,51,41,2788.0,no,33,33000,2023-11-17,30212.0
700,Customer_700,customer700@mail.com,stored,Rice,2023-01-17,2023-05-19,19,475,122,60,4636.0,partial,45,21375,2023-05-19,16739.0
341,Customer_341,customer341@mail.com,sold,Millet,2023-08-02,2023-08-31,44,2200,29,49,2084.13,no,40,0,2023-08-31,-2084.13
1407,Customer_1407,customer1407@mail.com,sold,Barley,2023-04-04,2023-07-08,129,6450,95,28,11438.0,yes,32,0,2023-07-08,-11438.0
893,Customer_893,customer893@mail.com,stored,Maize,2024-03-11,2024-07-05,35,875,116,22,2977.33,partial,45,0,2024-07-05,-2977.33
1563,Customer_1563,customer1563@mail.com,stored,Sorghum,2023-08-31,2023-12-06,112,5600,97,59,21365.87,no,52,291200,2023-12-06,269834.13
307,Customer_307,customer307@mail.com,stored,Maize,2024-02-19,2024-04-26,77,1925,67,31,5330.97,no,34,65450,2024-04-26,60119.03
685,Customer_685,customer685@mail.com,storing,Millet,2023-01-08,2023-02-05,68,3400,28,30,1904.0,yes,33,112200,2023-02-05,110296.0
646,Customer_646,customer646@mail.com,sold,Maize,2023-03-13,2023-04-23,148,7400,41,21,4247.6,partial,29,0,2023-04-23,-4247.6
1680,Customer_1680,customer1680@mail.com,storing,Maize,2023-05-16,2023-10-07,16,400,144,20,1536.0,partial,43,17200,2023-10-07,15664.0
18,Customer_18,customer18@mail.com,stored,Wheat,2024-02-14,2024-03-18,166,8300,33,39,7121.4,partial,53,0,2024-03-18,-7121.4
428,Customer_428,customer428@mail.com,storing,Millet,2023-05-29,2023-07-29,145,3625,61,22,6486.33,partial,39,0,2023-07-29,-6486.33
456,Customer_456,customer456@mail.com,storing,Barley,2023-04-03,2023-08-15,115,2875,134,54,27738.0,partial,32,92000,2023-08-15,64262.0
374,Customer_374,customer374@mail.com,sold,Sorghum,2023-10-04,2024-01-27,139,3475,115,45,23977.5,yes,48,0,2024-01-27,-23977.5
910,Customer_910,customer910@mail.com,sold,Sorghum,2023-08-23,2024-01-18,174,4350,148,25,21460.0,partial,52,226200,2024-01-18,204740.0
134,Customer_134,customer134@mail.com,sold,Barley,2024-04-06,2024-05-25,162,4050,49,24,6350.4,partial,25,0,2024-05-25,-6350.4
580,Customer_580,customer580@mail.com,sold,Millet,2023-10-22,2024-01-18,106,2650,88,24,7462.4,yes,33,0,2024-01-18,-7462.4
178,Customer_178,customer178@mail.com,storing,Sorghum,2023-01-03,2023-05-02,157,3925,119,38,23665.13,no,55,215875,2023-05-02,192209.87
456,Customer_456,customer456@mail.com,stored,Wheat,2023-10-09,2024-02-16,140,3500,130,20,12133.33,yes,32,0,2024-02-16,-12133.33
1923,Customer_1923,customer1923@mail.com,stored,Wheat,2024-08-09,2024-09-22,49,2450,44,27,1940.4,no,52,127400,2024-09-22,125459.6
1769,Customer_1769,customer1769@mail.com,stored,Barley,2024-03-01,2024-05-05,154,3850,65,40,13346.67,partial,49,0,2024-05-05,-13346.67
181,Customer_181,customer181@mail.com,storing,Rice,2024-05-25,2024-06-30,116,2900,36,44,6124.8,no,51,0,2024-06-30,-6124.8
951,Customer_951,customer951@mail.com,stored,Rice,2023-01-22,2023-04-03,191,4775,71,39,17629.3,no,47,224425,2023-04-03,206795.7
838,Customer_838,customer838@mail.com,stored,Millet,2024-06-27,2024-10-12,170,8500,107,41,24859.67,no,52,442000,2024-10-12,417140.33
603,Customer_603,customer603@mail.com,stored,Sorghum,2023-03-01,2023-07-28,156,3900,149,53,41064.4,no,52,202800,2023-07-28,161735.6
306,Customer_306,customer306@mail.com,sold,Millet,2023-12-19,2024-05-05,23,1150,138,56,5924.8,partial,27,0,2024-05-05,-5924.8
828,Customer_828,customer828@mail.com,sold,Wheat,2024-01-07,2024-05-13,140,3500,127,21,12446.0,no,25,87500,2024-05-13,75054.0
1477,Customer_1477,customer1477@mail.com,stored,Rice,2024-05-19,2024-07-08,185,4625,50,52,16033.33,partial,54,249750,2024-07-08,233716.67
391,Customer_391,customer391@mail.com,sold,Millet,2024-07-07,2024-11-15,135,6750,131,58,34191.0,yes,54,364500,2024-11-15,330309.0
477,Customer_477,customer477@mail.com,stored,Maize,2023-01-19,2023-04-14,127,6350,85,40,14393.33,yes,38,0,2023-04-14,-14393.33
813,Customer_813,customer813@mail.com,stored,Sorghum,2023-11-23,2024-01-24,88,2200,62,22,4001.07,yes,29,0,2024-01-24,-4001.07
58,Customer_58,customer58@mail.com,sold,Rice,2023-04-22,2023-07-04,182,9100,73,47,20814.73,partial,43,391300,2023-07-04,370485.27
797,Customer_797,customer797@mail.com,storing,Millet,2023-05-27,2023-07-07,144,3600,41,41,8068.8,no,44,158400,2023-07-07,150331.2
1063,Customer_1063,customer1063@mail.com,stored,Wheat,2024-08-06,2024-09-28,136,6800,53,43,10331.47,partial,45,306000,2024-09-28,295668.53
85,Customer_85,customer85@mail.com,storing,Rice,2023-10-23,2024-01-14,54,1350,83,32,4780.8,no,42,0,2024-01-14,-4780.8
1970,Customer_1970,customer1970@mail.com,stored,Rice,2024-08-08,2025-01-29,20,1000,174,28,3248.0,partial,45,0,2025-01-29,-3248.0
816,Customer_816,customer816@mail.com,storing,Sorghum,2023-11-07,2024-04-05,162,4050,150,34,27540.0,yes,42,170100,2024-04-05,142560.0
262,Customer_262,customer262@mail.com,storing,Sorghum,2024-03-29,2024-06-09,105,5250,72,26,6552.0,partial,44,231000,2024-06-09,224448.0
1979,Customer_1979,customer1979@mail.com,storing,Sorghum,2024-04-18,2024-06-27,80,2000,70,59,11013.33,no,44,88000,2024-06-27,76986.67
1021,Customer_1021,customer1021@mail.com,storing,Maize,2024-05-30,2024-06-28,141,3525,29,53,7223.9,no,48,0,2024-06-28,-7223.9
47,Customer_47,customer47@mail.com,sold,Maize,2023-04-17,2023-10-14,94,4700,180,22,12408.0,yes,51,0,2023-10-14,-12408.0
146,Customer_146,customer146@mail.com,stored,Rice,2023-09-04,2023-12-18,176,4400,105,40,24640.0,yes,38,0,2023-12-18,-24640.0
581,Customer_581,customer581@mail.com,sold,Sorghum,2023-07-10,2023-12-28,11,550,171,46,2884.2,yes,55,30250,2023-12-28,27365.8
391,Customer_391,customer391@mail.com,storing,Sorghum,2024-07-01,2024-09-06,159,3975,67,43,15269.3,partial,45,0,2024-09-06,-15269.3
238,Customer_238,customer238@mail.com,stored,Rice,2023-07-15,2023-09-20,133,6650,67,37,10990.23,yes,46,305900,2023-09-20,294909.77
196,Customer_196,customer196@mail.com,stored,Maize,2023-05-13,2023-08-30,146,3650,109,23,12200.73,partial,39,0,2023-08-30,-12200.73
1914,Customer_1914,customer1914@mail.com,storing,Barley,2024-06-19,2024-09-29,57,1425,102,55,10659.0,no,25,35625,2024-09-29,24966.0
1264,Customer_1264,customer1264@mail.com,sold,Rice,2023-07-30,2023-08-18,38,1900,19,21,505.4,partial,38,0,2023-08-18,-505.4
52,Customer_52,customer52@mail.com,stored,Wheat,2023-12-20,2024-05-23,65,3250,155,49,16455.83,partial,39,0,2024-05-23,-16455.83
1621,Customer_1621,customer1621@mail.com,stored,Millet,2023-06-05,2023-08-01,165,8250,57,57,17869.5,no,35,0,2023-08-01,-17869.5
758,Customer_758,customer758@mail.com,storing,Rice,2023-01-16,2023-02-07,163,8150,22,51,6096.2,partial,47,0,2023-02-07,-6096.2
620,Customer_620,customer620@mail.com,storing,Wheat,2024-07-22,2024-09-12,166,8300,52,38,10933.87,yes,27,0,2024-09-12,-10933.87
1949,Customer_1949,customer1949@mail.com,storing,Wheat,2023-12-28,2024-02-22,33,825,56,56,3449.6,no,32,26400,2024-02-22,22950.4
127,Customer_127,customer127@mail.com,stored,Sorghum,2024-04-13,2024-05-12,160,8000,29,55,8506.67,no,29,232000,2024-05-12,223493.33
1322,Customer_1322,customer1322@mail.com,stored,Barley,2023-09-06,2023-10-24,134,6700,48,42,9004.8,partial,46,308200,2023-10-24,299195.2
592,Customer_592,customer592@mail.com,stored,Maize,2023-09-08,2024-01-03,130,3250,117,54,27378.0,no,51,0,2024-01-03,-27378.0
1116,Customer_1116,customer1116@mail.com,stored,Millet,2024-05-29,2024-09-12,186,9300,106,25,16430.0,partial,39,362700,2024-09-12,346270.0
1502,Customer_1502,customer1502@mail.com,stored,Rice,2023-04-06,2023-10-01,164,4100,178,33,32111.2,no,39,159900,2023-10-01,127788.8
162,Customer_162,customer162@mail.com,sold,Rice,2023-01-08,2023-03-22,179,4475,73,26,11324.73,yes,26,116350,2023-03-22,105025.27
1206,Customer_1206,customer1206@mail.com,stored,Wheat,2023-12-09,2024-06-03,147,3675,177,43,37293.9,partial,51,187425,2024-06-03,150131.1
373,Customer_373,customer373@mail.com,sold,Rice,2024-07-21,2024-12-05,164,4100,137,26,19472.27,partial,54,221400,2024-12-05,201927.73
1542,Customer_1542,customer1542@mail.com,sold,Maize,2023-06-06,2023-10-03,106,5300,119,29,12193.53,no,43,0,2023-10-03,-12193.53
1517,Customer_1517,customer1517@mail.com,storing,Sorghum,2024-03-04,2024-07-23,133,6650,141,27,16877.7,yes,37,0,2024-07-23,-16877.7
1117,Customer_1117,customer1117@mail.com,stored,Maize,2024-02-16,2024-07-10,66,1650,145,57,18183.0,yes,42,0,2024-07-10,-18183.0
605,Customer_605,customer605@mail.com,stored,Barley,2023-07-31,2023-08-26,167,8350,26,35,5065.67,no,36,0,2023-08-26,-5065.67
1946,Customer_1946,customer1946@mail.com,sold,Maize,2024-08-20,2025-01-01,41,1025,134,53,9706.07,no,29,0,2025-01-01,-9706.07
259,Customer_259,customer259@mail.com,stored,Wheat,2023-12-17,2024-01-31,185,9250,45,22,6105.0,yes,28,0,2024-01-31,-6105.0
708,Customer_708,customer708@mail.com,stored,Sorghum,2023-09-21,2023-11-30,172,8600,70,44,17658.67,partial,51,438600,2023-11-30,420941.33
794,Customer_794,customer794@mail.com,sold,Wheat,2024-03-28,2024-06-10,127,6350,74,48,15036.8,no,35,222250,2024-06-10,207213.2
1128,Customer_1128,customer1128@mail.com,sold,Sorghum,2024-04-24,2024-08-04,197,9850,102,35,23443.0,no,44,0,2024-08-04,-23443.0
1059,Customer_1059,customer1059@mail.com,sold,Rice,2024-01-17,2024-01-31,116,5800,14,29,1569.87,no,40,232000,2024-01-31,230430.13
1752,Customer_1752,customer1752@mail.com,sold,Rice,2023-01-05,2023-03-15,70,3500,69,57,9177.0,no,40,0,2023-03-15,-9177.0
759,Customer_759,customer759@mail.com,storing,Sorghum,2023-05-03,2023-08-24,137,6850,113,60,30962.0,partial,45,308250,2023-08-24,277288.0
798,Customer_798,customer798@mail.com,sold,Barley,2023-10-05,2024-01-07,142,7100,94,23,10233.47,no,37,0,2024-01-07,-10233.47
1608,Customer_1608,customer1608@mail.com,stored,Rice,2023-07-31,2023-12-25,22,550,147,40,4312.0,yes,39,0,2023-12-25,-4312.0
1979,Customer_1979,customer1979@mail.com,sold,Barley,2024-07-30,2025-01-14,185,4625,168,29,30044.0,yes,49,0,2025-01-14,-30044.0
968,Customer_968,customer968@mail.com,sold,Barley,2023-02-06,2023-05-23,99,4950,106,60,20988.0,no,37,183150,2023-05-23,162162.0
1310,Customer_1310,customer1310@mail.com,sold,Sorghum,2023-02-10,2023-05-02,170,4250,81,21,9639.0,yes,40,170000,2023-05-02,160361.0
1032,Customer_1032,customer1032@mail.com,storing,Barley,2024-02-04,2024-06-12,133,3325,129,33,18872.7,partial,26,0,2024-06-12,-18872.7
1134,Customer_1134,customer1134@mail.com,storing,Sorghum,2024-01-27,2024-03-30,124,6200,63,49,12759.6,partial,32,0,2024-03-30,-12759.6
538,Customer_538,customer538@mail.com,storing,Barley,2023-05-26,2023-11-03,21,525,161,40,4508.0,partial,38,19950,2023-11-03,15442.0
695,Customer_695,customer695@mail.com,sold,Rice,2024-04-04,2024-08-15,27,1350,133,35,4189.5,partial,44,0,2024-08-15,-4189.5
1171,Customer_1171,customer1171@mail.com,sold,Wheat,2024-05-02,2024-05-22,89,4450,20,24,1424.0,yes,41,0,2024-05-22,-1424.0
1022,Customer_1022,customer1022@mail.com,storing,Barley,2023-04-28,2023-10-12,37,925,167,27,5561.1,yes,48,44400,2023-10-12,38838.9
176,Customer_176,customer176@mail.com,storing,Sorghum,2023-08-17,2023-10-02,74,3700,46,23,2609.73,no,43,159100,2023-10-02,156490.27
1683,Customer_1683,customer1683@mail.com,stored,Rice,2023-03-15,2023-07-23,137,3425,130,60,35620.0,partial,28,0,2023-07-23,-35620.0
1732,Customer_1732,customer1732@mail.com,sold,Rice,2024-04-20,2024-09-11,40,1000,144,57,10944.0,yes,50,50000,2024-09-11,39056.0
1345,Customer_1345,customer1345@mail.com,storing,Maize,2024-07-12,2024-12-11,162,4050,152,25,20520.0,yes,46,186300,2024-12-11,165780.0
598,Customer_598,customer598@mail.com,storing,Sorghum,2023-04-17,2023-07-31,152,3800,105,39,20748.0,no,46,174800,2023-07-31,154052.0
285,Customer_285,customer285@mail.com,sold,Rice,2023-04-26,2023-08-14,181,4525,110,43,28537.67,partial,48,0,2023-08-14,-28537.67
1173,Customer_1173,customer1173@mail.com,storing,Barley,2023-09-30,2023-12-02,95,2375,63,41,8179.5,no,37,87875,2023-12-02,79695.5
286,Customer_286,customer286@mail.com,storing,Maize,2023-04-08,2023-07-30,148,7400,113,55,30660.67,yes,38,281200,2023-07-30,250539.33
1929,Customer_1929,customer1929@mail.com,sold,Maize,2024-05-28,2024-08-05,107,5350,69,58,14273.8,yes,34,0,2024-08-05,-14273.8
589,Customer_589,customer589@mail.com,storing,Wheat,2024-05-03,2024-07-29,169,8450,87,39,19113.9,yes,33,0,2024-07-29,-19113.9
698,Customer_698,customer698@mail.com,storing,Barley,2024-04-25,2024-10-20,156,7800,178,49,45354.4,yes,49,0,2024-10-20,-45354.4
1059,Customer_1059,customer1059@mail.com,storing,Barley,2023-06-08,2023-08-23,53,1325,76,52,6981.87,yes,27,0,2023-08-23,-6981.87
599,Customer_599,customer599@mail.com,stored,Millet,2023-06-03,2023-11-21,140,3500,171,44,35112.0,partial,43,0,2023-11-21,-35112.0
821,Customer_821,customer821@mail.com,sold,Wheat,2024-05-30,2024-11-01,51,1275,155,50,13175.0,yes,37,47175,2024-11-01,34000.0
1557,Customer_1557,customer1557@mail.com,storing,Wheat,2024-04-16,2024-08-27,198,4950,133,49,43012.2,yes,30,148500,2024-08-27,105487.8
515,Customer_515,customer515@mail.com,storing,Rice,2023-07-31,2024-01-13,40,1000,166,54,11952.0,yes,41,41000,2024-01-13,29048.0
1807,Customer_1807,customer1807@mail.com,sold,Barley,2024-06-15,2024-07-17,147,3675,32,49,7683.2,no,38,139650,2024-07-17,131966.8
726,Customer_726,customer726@mail.com,stored,Maize,2024-08-22,2024-09-30,112,2800,39,51,7425.6,partial,37,0,2024-09-30,-7425.6
310,Customer_310,customer310@mail.com,storing,Maize,2023-08-16,2023-11-01,31,775,77,20,1591.33,no,34,0,2023-11-01,-1591.33
321,Customer_321,customer321@mail.com,stored,Barley,2023-02-19,2023-05-23,123,6150,93,29,11057.7,partial,30,0,2023-05-23,-11057.7
650,Customer_650,customer650@mail.com,stored,Barley,2023-04-29,2023-09-04,113,5650,128,59,28445.87,partial,28,158200,2023-09-04,129754.13
1835,Customer_1835,customer1835@mail.com,stored,Barley,2024-02-04,2024-02-17,195,9750,13,50,4225.0,yes,47,0,2024-02-17,-4225.0
1523,Customer_1523,customer1523@mail.com,sold,Millet,2023-12-03,2024-05-24,79,1975,173,49,22322.77,partial,43,0,2024-05-24,-22322.77
1373,Customer_1373,customer1373@mail.com,storing,Maize,2024-05-28,2024-10-06,153,7650,131,40,26724.0,yes,30,0,2024-10-06,-26724.0
1184,Customer_1184,customer1184@mail.com,stored,Wheat,2023-09-20,2023-10-19,160,8000,29,21,3248.0,partial,39,312000,2023-10-19,308752.0
308,Customer_308,customer308@mail.com,sold,Sorghum,2024-03-11,2024-03-26,23,575,15,40,460.0,partial,37,0,2024-03-26,-460.0
577,Customer_577,customer577@mail.com,storing,Rice,2023-05-22,2023-06-21,10,250,30,58,580.0,no,41,10250,2023-06-21,9670.0
527,Customer_527,customer527@mail.com,stored,Wheat,2023-11-26,2024-04-04,24,600,130,48,4992.0,yes,33,0,2024-04-04,-4992.0
1615,Customer_1615,customer1615@mail.com,stored,Rice,2024-05-25,2024-06-28,22,550,34,33,822.8,yes,35,0,2024-06-28,-822.8
237,Customer_237,customer237@mail.com,storing,Millet,2024-04-29,2024-05-17,97,4850,18,35,2037.0,partial,38,0,2024-05-17,-2037.0
435,Customer_435,customer435@mail.com,storing,Wheat,2023-03-14,2023-04-06,170,8500,23,21,2737.0,yes,33,0,2023-04-06,-2737.0
1039,Customer_1039,customer1039@mail.com,stored,Millet,2023-05-12,2023-09-03,28,700,114,44,4681.6,partial,31,0,2023-09-03,-4681.6
1138,Customer_1138,customer1138@mail.com,stored,Rice,2024-08-13,2024-08-31,94,2350,18,23,1297.2,yes,26,61100,2024-08-31,59802.8
879,Customer_879,customer879@mail.com,sold,Millet,2024-05-30,2024-10-08,161,4025,131,22,15466.73,partial,38,152950,2024-10-08,137483.27
269,Customer_269,customer269@mail.com,stored,Wheat,2023-07-29,2023-11-01,198,4950,95,38,23826.0,yes,29,0,2023-11-01,-23826.0
853,Customer_853,customer853@mail.com,sold,Millet,2024-06-18,2024-12-07,102,2550,172,45,26316.0,yes,33,0,2024-12-07,-26316.0
1203,Customer_1203,customer1203@mail.com,sold,Sorghum,2023-12-17,2024-02-06,168,4200,51,35,9996.0,no,39,0,2024-02-06,-9996.0
1860,Customer_1860,customer1860@mail.com,storing,Barley,2023-10-09,2024-02-03,54,1350,117,29,6107.4,partial,54,72900,2024-02-03,66792.6
1841,Customer_1841,customer1841@mail.com,sold,Sorghum,2023-01-17,2023-07-08,142,7100,172,30,24424.0,partial,25,177500,2023-07-08,153076.0
533,Customer_533,customer533@mail.com,sold,Maize,2024-01-18,2024-06-25,48,2400,159,41,10430.4,partial,52,0,2024-06-25,-10430.4
668,Customer_668,customer668@mail.com,sold,Barley,2024-06-05,2024-10-08,146,3650,125,43,26158.33,no,40,0,2024-10-08,-26158.33
1830,Customer_1830,customer1830@mail.com,sold,Rice,2024-03-25,2024-04-18,134,6700,24,37,3966.4,yes,44,0,2024-04-18,-3966.4
75,Customer_75,customer75@mail.com,sold,Barley,2024-02-18,2024-06-15,63,3150,118,39,9664.2,no,39,0,2024-06-15,-9664.2
1168,Customer_1168,customer1168@mail.com,storing,Maize,2023-10-31,2024-04-10,168,8400,162,25,22680.0,yes,55,462000,2024-04-10,439320.0
1242,Customer_1242,customer1242@mail.com,sold,Millet,2023-01-03,2023-04-28,168,8400,115,35,22540.0,partial,45,378000,2023-04-28,355460.0
1314,Customer_1314,customer1314@mail.com,storing,Rice,2023-07-18,2024-01-07,22,550,173,47,5962.73,partial,53,0,2024-01-07,-5962.73
1778,Customer_1778,customer1778@mail.com,stored,Wheat,2023-03-19,2023-09-11,129,3225,176,28,21190.4,partial,37,0,2023-09-11,-21190.4
1658,Customer_1658,customer1658@mail.com,sold,Maize,2023-03-29,2023-06-02,55,2750,65,42,5005.0,partial,31,85250,2023-06-02,80245.0
651,Customer_651,customer651@mail.com,sold,Sorghum,2023-02-03,2023-07-29,129,6450,176,23,17406.4,partial,46,296700,2023-07-29,279293.6
1425,Customer_1425,customer1425@mail.com,sold,Sorghum,2023-04-03,2023-07-04,160,8000,92,39,19136.0,no,30,0,2023-07-04,-19136.0
1473,Customer_1473,customer1473@mail.com,stored,Millet,2024-02-18,2024-04-01,11,550,43,28,441.47,partial,52,28600,2024-04-01,28158.53
1590,Customer_1590,customer1590@mail.com,stored,Sorghum,2023-03-19,2023-08-23,11,550,157,39,2245.1,partial,31,0,2023-08-23,-2245.1
44,Customer_44,customer44@mail.com,sold,Sorghum,2023-04-29,2023-09-13,15,750,137,52,3562.0,yes,28,0,2023-09-13,-3562.0
1873,Customer_1873,customer1873@mail.com,sold,Millet,2024-01-19,2024-03-25,43,2150,66,31,2932.6,partial,55,0,2024-03-25,-2932.6
1075,Customer_1075,customer1075@mail.com,sold,Wheat,2024-03-02,2024-04-08,82,4100,37,45,4551.0,yes,47,192700,2024-04-08,188149.0
1127,Customer_1127,customer1127@mail.com,storing,Maize,2023-03-01,2023-05-12,49,2450,72,54,6350.4,yes,44,107800,2023-05-12,101449.6
1304,Customer_1304,customer1304@mail.com,stored,Sorghum,2023-12-16,2024-04-20,188,4700,126,24,18950.4,yes,37,173900,2024-04-20,154949.6
1094,Customer_1094,customer1094@mail.com,sold,Millet,2024-01-24,2024-02-12,141,7050,19,48,4286.4,yes,27,0,2024-02-12,-4286.4
99,Customer_99,customer99@mail.com,stored,Sorghum,2023-03-30,2023-06-24,150,7500,86,50,21500.0,partial,47,352500,2023-06-24,331000.0
1929,Customer_1929,customer1929@mail.com,stored,Millet,2023-12-04,2024-01-29,116,5800,56,25,5413.33,partial,47,0,2024-01-29,-5413.33
450,Customer_450,customer450@mail.com,sold,Rice,2024-01-04,2024-06-18,12,300,166,21,1394.4,no,53,0,2024-06-18,-1394.4
1442,Customer_1442,customer1442@mail.com,storing,Sorghum,2024-02-10,2024-03-08,83,4150,27,44,3286.8,partial,32,132800,2024-03-08,129513.2
1574,Customer_1574,customer1574@mail.com,sold,Barley,2024-04-09,2024-08-13,48,2400,126,42,8467.2,partial,55,132000,2024-08-13,123532.8
864,Customer_864,customer864@mail.com,sold,Millet,2024-06-01,2024-07-19,37,1850,48,38,2249.6,partial,38,0,2024-07-19,-2249.6
896,Customer_896,customer896@mail.com,storing,Barley,2023-11-05,2024-01-04,153,7650,60,40,12240.0,no,54,413100,2024-01-04,400860.0
226,Customer_226,customer226@mail.com,sold,Rice,2024-04-13,2024-09-25,136,3400,165,52,38896.0,partial,25,0,2024-09-25,-38896.0
436,Customer_436,customer436@mail.com,storing,Maize,2023-05-29,2023-11-06,31,1550,161,52,8651.07,no,46,71300,2023-11-06,62648.93
828,Customer_828,customer828@mail.com,sold,Maize,2023-04-30,2023-06-13,120,6000,44,47,8272.0,no,25,150000,2023-06-13,141728.0
1660,Customer_1660,customer1660@mail.com,stored,Barley,2023-08-13,2023-11-02,25,1250,81,40,2700.0,yes,50,62500,2023-11-02,59800.0
660,Customer_660,customer660@mail.com,storing,Sorghum,2024-06-14,2024-12-05,128,3200,174,41,30438.4,partial,34,0,2024-12-05,-30438.4
833,Customer_833,customer833@mail.com,storing,Wheat,2023-02-22,2023-06-08,197,4925,106,29,20185.93,partial,37,0,2023-06-08,-20185.93
499,Customer_499,customer499@mail.com,sold,Barley,2023-06-29,2023-07-24,167,8350,25,29,4035.83,no,36,300600,2023-07-24,296564.17
1026,Customer_1026,customer1026@mail.com,stored,Wheat,2024-04-28,2024-05-19,180,9000,21,26,3276.0,partial,41,369000,2024-05-19,365724.0
339,Customer_339,customer339@mail.com,sold,Maize,2024-08-03,2024-12-28,53,1325,147,57,14802.9,partial,37,0,2024-12-28,-14802.9
939,Customer_939,customer939@mail.com,stored,Millet,2023-08-23,2023-11-08,41,2050,77,57,5998.3,partial,32,0,2023-11-08,-5998.3
1245,Customer_1245,customer1245@mail.com,stored,Wheat,2024-08-22,2024-10-19,123,3075,58,31,7371.8,partial,34,0,2024-10-19,-7371.8
1980,Customer_1980,customer1980@mail.com,sold,Wheat,2023-04-24,2023-05-19,139,3475,25,28,3243.33,partial,45,0,2023-05-19,-3243.33
372,Customer_372,customer372@mail.com,sold,Barley,2024-04-04,2024-06-06,95,4750,63,41,8179.5,yes,47,0,2024-06-06,-8179.5
676,Customer_676,customer676@mail.com,storing,Maize,2023-09-14,2023-11-22,136,6800,69,32,10009.6,yes,35,238000,2023-11-22,227990.4
1458,Customer_1458,customer1458@mail.com,stored,Wheat,2024-03-09,2024-06-06,150,3750,89,44,19580.0,yes,47,176250,2024-06-06,156670.0
23,Customer_23,customer23@mail.com,sold,Rice,2023-03-20,2023-04-08,96,4800,19,34,2067.2,yes,25,120000,2023-04-08,117932.8
1493,Customer_1493,customer1493@mail.com,sold,Millet,2023-03-29,2023-09-25,148,3700,180,30,26640.0,no,42,155400,2023-09-25,128760.0
981,Customer_981,customer981@mail.com,storing,Millet,2023-01-28,2023-03-22,67,1675,53,54,6391.8,partial,30,0,2023-03-22,-6391.8
337,Customer_337,customer337@mail.com,storing,Rice,2024-08-15,2024-12-25,69,1725,132,34,10322.4,no,33,0,2024-12-25,-10322.4
801,Customer_801,customer801@mail.com,stored,Maize,2023-01-20,2023-02-02,198,9900,13,34,2917.2,partial,55,544500,2023-02-02,541582.8
600,Customer_600,customer600@mail.com,sold,Maize,2023-12-18,2024-01-08,181,9050,21,55,6968.5,yes,53,479650,2024-01-08,472681.5
408,Customer_408,customer408@mail.com,storing,Rice,2023-09-18,2024-03-04,68,1700,168,44,16755.2,partial,43,0,2024-03-04,-16755.2
226,Customer_226,customer226@mail.com,sold,Barley,2023-10-05,2024-04-02,53,1325,180,21,6678.0,partial,36,0,2024-04-02,-6678.0
1686,Customer_1686,customer1686@mail.com,stored,Rice,2023-01-17,2023-02-15,194,9700,29,42,7876.4,partial,43,0,2023-02-15,-7876.4
1513,Customer_1513,customer1513@mail.com,storing,Sorghum,2023-12-27,2024-03-13,100,5000,77,50,12833.33,yes,46,230000,2024-03-13,217166.67
917,Customer_917,customer917@mail.com,sold,Rice,2023-12-24,2024-03-08,135,3375,75,38,12825.0,partial,31,104625,2024-03-08,91800.0
1870,Customer_1870,customer1870@mail.com,storing,Sorghum,2024-05-10,2024-09-02,193,9650,115,36,26634.0,partial,40,386000,2024-09-02,359366.0
1860,Customer_1860,customer1860@mail.com,sold,Wheat,2024-07-14,2024-08-31,126,6300,48,56,11289.6,yes,39,0,2024-08-31,-11289.6
1885,Customer_1885,customer1885@mail.com,storing,Barley,2023-10-18,2024-03-16,191,4775,150,60,57300.0,no,36,171900,2024-03-16,114600.0
1501,Customer_1501,customer1501@mail.com,stored,Millet,2024-05-04,2024-07-09,101,2525,66,28,6221.6,no,34,85850,2024-07-09,79628.4
799,Customer_799,customer799@mail.com,stored,Millet,2023-10-07,2024-01-14,61,1525,99,45,9058.5,no,51,77775,2024-01-14,68716.5
1276,Customer_1276,customer1276@mail.com,sold,Rice,2023-10-16,2024-03-13,62,3100,149,25,7698.33,yes,38,117800,2024-03-13,110101.67
259,Customer_259,customer259@mail.com,stored,Millet,2024-01-07,2024-05-08,51,1275,122,33,6844.2,no,42,0,2024-05-08,-6844.2
1791,Customer_1791,customer1791@mail.com,stored,Millet,2023-09-21,2023-11-11,164,8200,51,59,16449.2,no,31,0,2023-11-11,-16449.2
916,Customer_916,customer916@mail.com,sold,Rice,2023-02-15,2023-04-17,120,6000,61,41,10004.0,partial,52,0,2023-04-17,-10004.0
1159,Customer_1159,customer1159@mail.com,storing,Sorghum,2023-03-20,2023-07-04,139,6950,106,48,23574.4,no,41,284950,2023-07-04,261375.6
1578,Customer_1578,customer1578@mail.com,sold,Barley,2024-06-02,2024-06-17,184,9200,15,47,4324.0,no,45,414000,2024-06-17,409676.0
1673,Customer_1673,customer1673@mail.com,stored,Maize,2023-05-06,2023-08-25,190,9500,111,49,34447.0,no,38,0,2023-08-25,-34447.0
444,Customer_444,customer444@mail.com,storing,Rice,2023-08-23,2023-12-11,112,5600,110,43,17658.67,no,29,162400,2023-12-11,144741.33
174,Customer_174,customer174@mail.com,stored,Barley,2024-07-09,2024-10-18,22,550,101,30,2222.0,partial,32,0,2024-10-18,-2222.0
1546,Customer_1546,customer1546@mail.com,storing,Millet,2024-05-20,2024-09-07,93,2325,110,39,13299.0,no,35,81375,2024-09-07,68076.0
389,Customer_389,customer389@mail.com,stored,Barley,2024-06-14,2024-10-12,167,4175,120,60,40080.0,yes,41,171175,2024-10-12,131095.0
41,Customer_41,customer41@mail.com,sold,Wheat,2023-11-20,2024-02-14,39,1950,86,46,5142.8,no,54,0,2024-02-14,-5142.8
881,Customer_881,customer881@mail.com,stored,Barley,2024-01-30,2024-02-09,23,1150,10,27,207.0,partial,41,0,2024-02-09,-207.0
1167,Customer_1167,customer1167@mail.com,stored,Rice,2023-12-25,2024-04-29,110,2750,126,41,18942.0,yes,34,93500,2024-04-29,74558.0
386,Customer_386,customer386@mail.com,storing,Rice,2024-04-26,2024-08-27,177,8850,123,41,29753.7,partial,44,389400,2024-08-27,359646.3
201,Customer_201,customer201@mail.com,sold,Sorghum,2024-02-24,2024-05-27,24,1200,93,29,2157.6,yes,52,62400,2024-05-27,60242.4
983,Customer_983,customer983@mail.com,sold,Maize,2024-03-16,2024-04-24,167,8350,39,25,5427.5,partial,34,283900,2024-04-24,278472.5
689,Customer_689,customer689@mail.com,sold,Sorghum,2023-11-11,2024-05-04,34,850,175,42,8330.0,partial,45,38250,2024-05-04,29920.0
1830,Customer_1830,customer1830@mail.com,sold,Rice,2023-11-28,2024-03-14,81,4050,107,38,10978.2,no,53,214650,2024-03-14,203671.8
35,Customer_35,customer35@mail.com,sold,Rice,2023-07-04,2023-12-23,49,2450,172,52,14608.53,yes,35,85750,2023-12-23,71141.47
1477,Customer_1477,customer1477@mail.com,stored,Barley,2024-06-22,2024-09-17,105,2625,87,31,9439.5,no,28,73500,2024-09-17,64060.5
1847,Customer_1847,customer1847@mail.com,sold,Rice,2023-01-14,2023-02-26,143,3575,43,49,10043.37,no,31,110825,2023-02-26,100781.63
277,Customer_277,customer277@mail.com,sold,Wheat,2023-08-12,2023-12-22,109,5450,132,26,12469.6,yes,34,185300,2023-12-22,172830.4
1838,Customer_1838,customer1838@mail.com,sold,Sorghum,2023-01-23,2023-04-13,27,675,80,57,4104.0,no,29,0,2023-04-13,-4104.0
616,Customer_616,customer616@mail.com,storing,Sorghum,2024-01-19,2024-02-05,166,8300,17,51,4797.4,partial,34,0,2024-02-05,-4797.4
349,Customer_349,customer349@mail.com,stored,Millet,2023-11-13,2024-02-13,168,8400,92,58,29881.6,partial,52,436800,2024-02-13,406918.4
1232,Customer_1232,customer1232@mail.com,sold,Rice,2024-03-21,2024-05-17,165,4125,57,54,16929.0,no,42,0,2024-05-17,-16929.0
252,Customer_252,customer252@mail.com,storing,Wheat,2023-03-30,2023-05-09,90,2250,40,46,5520.0,no,55,0,2023-05-09,-5520.0
1450,Customer_1450,customer1450@mail.com,storing,Wheat,2023-05-23,2023-10-02,112,2800,132,39,19219.2,partial,41,0,2023-10-02,-19219.2
400,Customer_400,customer400@mail.com,stored,Millet,2024-01-03,2024-03-14,163,4075,71,41,15816.43,no,40,0,2024-03-14,-15816.43
1562,Customer_1562,customer1562@mail.com,stored,Wheat,2024-01-03,2024-04-03,63,3150,91,31,5924.1,partial,26,0,2024-04-03,-5924.1
265,Customer_265,customer265@mail.com,stored,Wheat,2024-05-20,2024-06-30,102,5100,41,38,5297.2,no,27,137700,2024-06-30,132402.8
748,Customer_748,customer748@mail.com,storing,Millet,2024-03-04,2024-07-10,95,2375,128,24,9728.0,partial,53,0,2024-07-10,-9728.0
503,Customer_503,customer503@mail.com,stored,Rice,2024-06-26,2024-09-17,35,1750,83,35,3389.17,no,55,96250,2024-09-17,92860.83
354,Customer_354,customer354@mail.com,sold,Sorghum,2023-04-05,2023-08-03,175,8750,120,47,32900.0,no,52,0,2023-08-03,-32900.0
1046,Customer_1046,customer1046@mail.com,storing,Sorghum,2024-04-28,2024-09-07,15,375,132,51,3366.0,yes,34,0,2024-09-07,-3366.0
1421,Customer_1421,customer1421@mail.com,stored,Barley,2024-04-24,2024-05-11,124,3100,17,39,2740.4,yes,32,99200,2024-05-11,96459.6
1306,Customer_1306,customer1306@mail.com,sold,Barley,2023-07-08,2023-08-23,149,7450,46,36,8224.8,yes,43,320350,2023-08-23,312125.2
393,Customer_393,customer393@mail.com,storing,Millet,2024-08-12,2024-08-22,96,2400,10,26,832.0,no,33,0,2024-08-22,-832.0
697,Customer_697,customer697@mail.com,stored,Barley,2024-06-17,2024-07-18,92,4600,31,58,5513.87,yes,45,0,2024-07-18,-5513.87
634,Customer_634,customer634@mail.com,stored,Sorghum,2023-09-06,2023-10-30,35,875,54,48,3024.0,no,32,0,2023-10-30,-3024.0
418,Customer_418,customer418@mail.com,storing,Maize,2023-05-26,2023-08-23,82,4100,89,28,6811.47,no,44,180400,2023-08-23,173588.53
1250,Customer_1250,customer1250@mail.com,sold,Maize,2023-05-08,2023-06-17,124,3100,40,26,4298.67,yes,28,0,2023-06-17,-4298.67
1803,Customer_1803,customer1803@mail.com,storing,Millet,2024-03-29,2024-06-23,175,4375,86,31,15551.67,partial,44,192500,2024-06-23,176948.33
745,Customer_745,customer745@mail.com,sold,Sorghum,2023-03-06,2023-08-11,111,5550,158,49,28645.4,partial,51,283050,2023-08-11,254404.6
66,Customer_66,customer66@mail.com,sold,Sorghum,2024-01-12,2024-04-02,125,3125,81,54,18225.0,partial,38,118750,2024-04-02,100525.0
658,Customer_658,customer658@mail.com,sold,Sorghum,2023-09-29,2023-12-02,34,850,64,24,1740.8,yes,38,32300,2023-12-02,30559.2
1262,Customer_1262,customer1262@mail.com,stored,Maize,2023-10-04,2023-10-19,110,2750,15,50,2750.0,no,50,0,2023-10-19,-2750.0
1219,Customer_1219,customer1219@mail.com,storing,Maize,2024-06-30,2024-09-15,91,4550,77,28,6539.87,yes,39,0,2024-09-15,-6539.87
1441,Customer_1441,customer1441@mail.com,storing,Wheat,2023-06-27,2023-07-16,89,4450,19,52,2931.07,partial,42,0,2023-07-16,-2931.07
220,Customer_220,customer220@mail.com,stored,Sorghum,2023-09-26,2024-02-24,93,4650,151,23,10766.3,yes,50,0,2024-02-24,-10766.3
1432,Customer_1432,customer1432@mail.com,stored,Millet,2024-06-16,2024-08-30,118,5900,75,26,7670.0,yes,28,165200,2024-08-30,157530.0
1823,Customer_1823,customer1823@mail.com,sold,Rice,2023-06-24,2023-08-07,48,1200,44,60,4224.0,partial,42,0,2023-08-07,-4224.0
1802,Customer_1802,customer1802@mail.com,stored,Maize,2024-07-26,2024-08-14,110,2750,19,29,2020.33,yes,28,0,2024-08-14,-2020.33
1814,Customer_1814,customer1814@mail.com,stored,Rice,2024-03-30,2024-07-16,143,7150,108,38,19562.4,partial,45,0,2024-07-16,-19562.4
499,Customer_499,customer499@mail.com,sold,Maize,2023-04-11,2023-06-07,40,2000,57,42,3192.0,no,26,0,2023-06-07,-3192.0
1922,Customer_1922,customer1922@mail.com,sold,Sorghum,2023-08-30,2023-12-13,34,850,105,46,5474.0,partial,54,0,2023-12-13,-5474.0
1564,Customer_1564,customer1564@mail.com,storing,Rice,2023-02-07,2023-05-10,104,5200,92,50,15946.67,partial,32,166400,2023-05-10,150453.33
704,Customer_704,customer704@mail.com,storing,Maize,2023-04-04,2023-06-24,22,550,81,45,2673.0,yes,33,0,2023-06-24,-2673.0
1808,Customer_1808,customer1808@mail.com,stored,Maize,2023-08-27,2023-12-13,195,9750,108,26,18252.0,partial,47,458250,2023-12-13,439998.0
1689,Customer_1689,customer1689@mail.com,storing,Millet,2024-04-22,2024-07-22,19,950,91,54,3112.2,yes,27,0,2024-07-22,-3112.2
1358,Customer_1358,customer1358@mail.com,stored,Wheat,2024-02-24,2024-07-27,142,3550,154,32,23325.87,yes,51,181050,2024-07-27,157724.13
1778,Customer_1778,customer1778@mail.com,sold,Barley,2024-05-02,2024-06-27,59,2950,56,46,5066.13,yes,54,159300,2024-06-27,154233.87
625,Customer_625,customer625@mail.com,sold,Rice,2023-07-25,2023-10-29,175,4375,96,20,11200.0,no,34,0,2023-10-29,-11200.0
78,Customer_78,customer78@mail.com,storing,Wheat,2023-07-12,2024-01-07,163,8150,179,32,31122.13,partial,53,0,2024-01-07,-31122.13
1808,Customer_1808,customer1808@mail.com,stored,Wheat,2024-02-19,2024-05-24,158,7900,95,46,23015.33,partial,41,323900,2024-05-24,300884.67
867,Customer_867,customer867@mail.com,sold,Millet,2024-07-05,2024-12-26,46,1150,174,40,10672.0,partial,40,46000,2024-12-26,35328.0
1834,Customer_1834,customer1834@mail.com,storing,Wheat,2024-03-19,2024-06-04,60,3000,77,42,6468.0,no,47,0,2024-06-04,-6468.0
840,Customer_840,customer840@mail.com,storing,Rice,2024-07-17,2024-08-15,172,8600,29,50,8313.33,yes,50,0,2024-08-15,-8313.33
126,Customer_126,customer126@mail.com,sold,Millet,2023-09-14,2024-02-09,101,2525,148,53,26408.13,partial,28,0,2024-02-09,-26408.13
1299,Customer_1299,customer1299@mail.com,sold,Maize,2024-02-29,2024-06-09,98,4900,101,23,7588.47,yes,45,0,2024-06-09,-7588.47
1872,Customer_1872,customer1872@mail.com,storing,Barley,2023-10-04,2023-10-17,77,1925,13,26,867.53,partial,41,0,2023-10-17,-867.53
902,Customer_902,customer902@mail.com,storing,Millet,2024-01-15,2024-03-29,191,4775,74,47,22143.27,partial,39,186225,2024-03-29,164081.73
130,Customer_130,customer130@mail.com,sold,Wheat,2024-07-25,2024-11-11,69,1725,109,52,13036.4,yes,52,89700,2024-11-11,76663.6
1351,Customer_1351,customer1351@mail.com,storing,Wheat,2024-04-10,2024-05-27,143,7150,47,33,7393.1,partial,37,264550,2024-05-27,257156.9
1646,Customer_1646,customer1646@mail.com,stored,Maize,2023-10-10,2024-02-20,114,2850,133,42,21226.8,no,34,0,2024-02-20,-21226.8
1337,Customer_1337,customer1337@mail.com,storing,Maize,2023-03-28,2023-09-18,158,3950,174,58,53151.2,yes,42,165900,2023-09-18,112748.8
1614,Customer_1614,customer1614@mail.com,stored,Barley,2023-05-20,2023-09-27,110,2750,130,52,24786.67,yes,51,140250,2023-09-27,115463.33
720,Customer_720,customer720@mail.com,stored,Sorghum,2023-04-24,2023-07-30,48,2400,97,40,6208.0,no,43,0,2023-07-30,-6208.0
1828,Customer_1828,customer1828@mail.com,stored,Sorghum,2024-02-18,2024-07-13,37,1850,146,25,4501.67,partial,52,96200,2024-07-13,91698.33
1470,Customer_1470,customer1470@mail.com,sold,Sorghum,2024-04-11,2024-05-19,23,1150,38,50,1456.67,partial,38,0,2024-05-19,-1456.67
1545,Customer_1545,customer1545@mail.com,storing,Rice,2023-10-02,2024-01-26,14,700,116,53,2869.07,partial,45,0,2024-01-26,-2869.07
194,Customer_194,customer194@mail.com,sold,Wheat,2023-02-26,2023-03-18,142,7100,20,52,4922.67,partial,53,0,2023-03-18,-4922.67
1908,Customer_1908,customer1908@mail.com,sold,Rice,2023-02-08,2023-07-23,148,3700,165,20,16280.0,partial,39,144300,2023-07-23,128020.0
1902,Customer_1902,customer1902@mail.com,sold,Rice,2023-07-28,2023-08-21,25,1250,24,32,640.0,no,25,0,2023-08-21,-640.0
343,Customer_343,customer343@mail.com,stored,Millet,2024-08-06,2025-01-15,32,1600,162,25,4320.0,partial,35,0,2025-01-15,-4320.0
528,Customer_528,customer528@mail.com,stored,Rice,2024-07-09,2024-12-15,158,7900,159,52,43544.8,no,39,0,2024-12-15,-43544.8
876,Customer_876,customer876@mail.com,sold,Maize,2023-04-11,2023-09-21,200,5000,163,46,49986.67,partial,43,0,2023-09-21,-49986.67
385,Customer_385,customer385@mail.com,stored,Barley,2024-07-27,2024-12-23,54,1350,149,24,6436.8,yes,48,64800,2024-12-23,58363.2
1389,Customer_1389,customer1389@mail.com,stored,Millet,2024-04-28,2024-06-06,119,2975,39,30,4641.0,yes,31,92225,2024-06-06,87584.0
681,Customer_681,customer681@mail.com,storing,Barley,2024-06-06,2024-07-01,10,500,25,21,175.0,no,25,12500,2024-07-01,12325.0
687,Customer_687,customer687@mail.com,sold,Millet,2023-11-19,2024-03-31,90,4500,133,48,19152.0,partial,36,162000,2024-03-31,142848.0
1195,Customer_1195,customer1195@mail.com,sold,Maize,2023-01-31,2023-05-17,79,3950,106,53,14794.07,yes,26,0,2023-05-17,-14794.07
1276,Customer_1276,customer1276@mail.com,stored,Barley,2023-03-27,2023-04-08,31,1550,12,35,434.0,no,30,46500,2023-04-08,46066.0
1319,Customer_1319,customer1319@mail.com,storing,Barley,2024-06-11,2024-12-05,152,7600,177,57,51117.6,yes,28,0,2024-12-05,-51117.6
1522,Customer_1522,customer1522@mail.com,storing,Sorghum,2023-02-02,2023-03-02,151,3775,28,43,6060.13,no,28,105700,2023-03-02,99639.87
1878,Customer_1878,customer1878@mail.com,stored,Wheat,2023-12-18,2024-01-28,34,1700,41,40,1858.67,partial,25,0,2024-01-28,-1858.67
446,Customer_446,customer446@mail.com,storing,Maize,2023-10-15,2023-11-29,169,8450,45,58,14703.0,no,45,0,2023-11-29,-14703.0
971,Customer_971,customer971@mail.com,storing,Barley,2024-01-26,2024-06-05,36,900,131,58,9117.6,partial,35,0,2024-06-05,-9117.6
1549,Customer_1549,customer1549@mail.com,stored,Wheat,2024-07-09,2024-11-20,147,7350,134,27,17728.2,no,45,330750,2024-11-20,313021.8
571,Customer_571,customer571@mail.com,sold,Sorghum,2023-06-26,2023-09-28,156,3900,94,55,26884.0,yes,37,0,2023-09-28,-26884.0
768,Customer_768,customer768@mail.com,sold,Maize,2023-03-01,2023-05-26,101,2525,86,54,15634.8,partial,35,88375,2023-05-26,72740.2
1991,Customer_1991,customer1991@mail.com,stored,Maize,2024-02-27,2024-07-16,149,3725,140,36,25032.0,partial,31,115475,2024-07-16,90443.0
1351,Customer_1351,customer1351@mail.com,sold,Barley,2023-07-19,2023-10-18,114,5700,91,45,15561.0,partial,54,0,2023-10-18,-15561.0
1431,Customer_1431,customer1431@mail.com,stored,Wheat,2023-06-11,2023-09-09,162,4050,90,35,17010.0,partial,55,0,2023-09-09,-17010.0
1124,Customer_1124,customer1124@mail.com,stored,Rice,2023-02-03,2023-06-21,102,5100,138,54,25336.8,yes,49,249900,2023-06-21,224563.2
1853,Customer_1853,customer1853@mail.com,storing,Sorghum,2024-07-07,2024-10-28,75,1875,113,31,8757.5,no,32,0,2024-10-28,-8757.5
1634,Customer_1634,customer1634@mail.com,storing,Maize,2023-04-15,2023-09-29,29,725,167,23,3712.97,yes,35,0,2023-09-29,-3712.97
1144,Customer_1144,customer1144@mail.com,sold,Wheat,2023-08-08,2024-01-08,32,800,153,58,9465.6,no,30,0,2024-01-08,-9465.6
331,Customer_331,customer331@mail.com,sold,Rice,2023-02-10,2023-06-30,102,2550,140,35,16660.0,no,40,0,2023-06-30,-16660.0
1067,Customer_1067,customer1067@mail.com,sold,Rice,2023-01-31,2023-07-24,103,5150,174,39,23298.6,no,33,0,2023-07-24,-23298.6
239,Customer_239,customer239@mail.com,storing,Millet,2023-02-03,2023-04-25,195,4875,81,22,11583.0,partial,32,156000,2023-04-25,144417.0
1229,Customer_1229,customer1229@mail.com,sold,Sorghum,2024-08-06,2025-01-28,190,9500,175,36,39900.0,partial,47,0,2025-01-28,-39900.0
357,Customer_357,customer357@mail.com,stored,Millet,2023-10-22,2024-03-12,140,3500,142,39,25844.0,partial,33,0,2024-03-12,-25844.0
1008,Customer_1008,customer1008@mail.com,sold,Barley,2023-09-28,2024-02-11,170,4250,136,53,40845.33,yes,50,0,2024-02-11,-40845.33
1596,Customer_1596,customer1596@mail.com,storing,Millet,2024-08-05,2024-11-19,118,5900,106,33,13758.8,no,35,0,2024-11-19,-13758.8
877,Customer_877,customer877@mail.com,storing,Rice,2023-09-22,2024-03-04,23,1150,164,41,5155.07,partial,39,44850,2024-03-04,39694.93
1636,Customer_1636,customer1636@mail.com,storing,Millet,2023-03-05,2023-04-30,128,3200,56,27,6451.2,partial,40,128000,2023-04-30,121548.8
5,Customer_5,customer5@mail.com,stored,Millet,2024-04-03,2024-09-26,182,9100,176,46,49115.73,no,40,364000,2024-09-26,314884.27
1151,Customer_1151,customer1151@mail.com,storing,Sorghum,2023-01-17,2023-05-12,11,275,115,53,2234.83,partial,43,0,2023-05-12,-2234.83
701,Customer_701,customer701@mail.com,storing,Wheat,2023-08-27,2023-10-15,161,8050,49,48,12622.4,no,32,257600,2023-10-15,244977.6
1655,Customer_1655,customer1655@mail.com,stored,Wheat,2024-01-26,2024-05-25,25,625,120,23,2300.0,partial,43,26875,2024-05-25,24575.0
1702,Customer_1702,customer1702@mail.com,sold,Rice,2023-12-21,2024-02-27,60,1500,68,58,7888.0,yes,35,52500,2024-02-27,44612.0
847,Customer_847,customer847@mail.com,stored,Millet,2024-06-29,2024-07-24,146,3650,25,28,3406.67,partial,46,167900,2024-07-24,164493.33
872,Customer_872,customer872@mail.com,storing,Barley,2023-02-20,2023-07-26,198,9900,156,37,38095.2,partial,27,267300,2023-07-26,229204.8
755,Customer_755,customer755@mail.com,storing,Maize,2023-01-13,2023-07-08,188,4700,176,54,59558.4,partial,50,235000,2023-07-08,175441.6
117,Customer_117,customer117@mail.com,stored,Rice,2023-10-27,2024-01-15,154,3850,80,40,16426.67,yes,30,115500,2024-01-15,99073.33
138,Customer_138,customer138@mail.com,storing,Rice,2024-07-23,2024-12-20,134,3350,150,29,19430.0,partial,32,0,2024-12-20,-19430.0
1433,Customer_1433,customer1433@mail.com,sold,Barley,2023-10-14,2024-01-24,199,9950,102,47,31800.2,yes,33,328350,2024-01-24,296549.8
1948,Customer_1948,customer1948@mail.com,stored,Wheat,2024-04-20,2024-06-03,90,4500,44,31,4092.0,no,38,0,2024-06-03,-4092.0
1889,Customer_1889,customer1889@mail.com,sold,Barley,2023-02-01,2023-06-11,150,3750,130,27,17550.0,yes,35,0,2023-06-11,-17550.0
1458,Customer_1458,customer1458@mail.com,stored,Wheat,2023-01-31,2023-07-01,179,4475,151,29,26128.03,yes,35,0,2023-07-01,-26128.03
457,Customer_457,customer457@mail.com,stored,Wheat,2023-12-23,2024-04-25,77,1925,124,21,6683.6,yes,37,71225,2024-04-25,64541.4
357,Customer_357,customer357@mail.com,stored,Rice,2024-05-04,2024-08-03,147,3675,91,44,19619.6,partial,38,0,2024-08-03,-19619.6
1073,Customer_1073,customer1073@mail.com,stored,Rice,2023-01-29,2023-07-16,138,6900,168,30,23184.0,partial,25,172500,2023-07-16,149316.0
1666,Customer_1666,customer1666@mail.com,storing,Maize,2023-04-08,2023-10-02,70,1750,177,27,11151.0,yes,46,80500,2023-10-02,69349.0
304,Customer_304,customer304@mail.com,storing,Rice,2023-08-23,2023-11-30,99,4950,99,30,9801.0,yes,44,0,2023-11-30,-9801.0
1435,Customer_1435,customer1435@mail.com,sold,Rice,2023-05-14,2023-09-05,90,2250,114,55,18810.0,no,37,0,2023-09-05,-18810.0
1747,Customer_1747,customer1747@mail.com,storing,Rice,2024-07-25,2024-08-07,179,8950,13,38,2947.53,yes,50,0,2024-08-07,-2947.53
953,Customer_953,customer953@mail.com,storing,Sorghum,2024-01-12,2024-04-20,33,825,99,48,5227.2,no,50,41250,2024-04-20,36022.8
157,Customer_157,customer157@mail.com,sold,Millet,2024-04-13,2024-07-17,130,6500,95,32,13173.33,partial,42,273000,2024-07-17,259826.67
1781,Customer_1781,customer1781@mail.com,sold,Barley,2023-03-10,2023-04-23,103,2575,44,30,4532.0,partial,26,0,2023-04-23,-4532.0
1976,Customer_1976,customer1976@mail.com,stored,Barley,2024-05-08,2024-05-29,190,4750,21,38,5054.0,yes,47,223250,2024-05-29,218196.0
1857,Customer_1857,customer1857@mail.com,stored,Barley,2023-04-05,2023-06-21,58,2900,77,55,8187.67,partial,33,0,2023-06-21,-8187.67
1632,Customer_1632,customer1632@mail.com,storing,Maize,2023-03-05,2023-04-05,112,5600,31,48,5555.2,no,35,0,2023-04-05,-5555.2
1570,Customer_1570,customer1570@mail.com,storing,Sorghum,2024-01-10,2024-06-10,62,1550,152,43,13507.73,partial,49,75950,2024-06-10,62442.27
1075,Customer_1075,customer1075@mail.com,storing,Maize,2023-06-10,2023-07-08,125,3125,28,37,4316.67,partial,32,100000,2023-07-08,95683.33
1265,Customer_1265,customer1265@mail.com,sold,Sorghum,2024-08-06,2024-09-26,152,7600,51,51,13178.4,no,46,0,2024-09-26,-13178.4
1001,Customer_1001,customer1001@mail.com,sold,Sorghum,2023-01-25,2023-06-11,136,6800,137,36,22358.4,partial,46,312800,2023-06-11,290441.6
1671,Customer_1671,customer1671@mail.com,sold,Barley,2023-01-27,2023-05-20,162,4050,113,29,17695.8,partial,30,121500,2023-05-20,103804.2
255,Customer_255,customer255@mail.com,sold,Rice,2023-08-13,2024-01-24,78,3900,164,27,11512.8,partial,42,163800,2024-01-24,152287.2
394,Customer_394,customer394@mail.com,storing,Barley,2023-03-09,2023-08-03,198,9900,147,54,52390.8,no,39,386100,2023-08-03,333709.2
114,Customer_114,customer114@mail.com,storing,Rice,2023-05-12,2023-08-02,110,5500,82,48,14432.0,yes,42,0,2023-08-02,-14432.0
1365,Customer_1365,customer1365@mail.com,storing,Wheat,2023-02-09,2023-06-18,70,1750,129,27,8127.0,partial,49,85750,2023-06-18,77623.0
1228,Customer_1228,customer1228@mail.com,sold,Barley,2023-04-23,2023-09-23,63,3150,153,31,9960.3,partial,39,0,2023-09-23,-9960.3
1177,Customer_1177,customer1177@mail.com,stored,Sorghum,2023-12-11,2024-05-24,79,1975,165,23,9993.5,partial,27,0,2024-05-24,-9993.5
993,Customer_993,customer993@mail.com,sold,Maize,2024-02-13,2024-03-03,131,6550,19,45,3733.5,yes,29,189950,2024-03-03,186216.5
1621,Customer_1621,customer1621@mail.com,sold,Sorghum,2023-09-28,2024-02-05,96,2400,130,34,14144.0,partial,47,0,2024-02-05,-14144.0
1708,Customer_1708,customer1708@mail.com,storing,Barley,2024-01-04,2024-03-01,154,7700,57,50,14630.0,no,55,0,2024-03-01,-14630.0
719,Customer_719,customer719@mail.com,stored,Millet,2023-07-24,2023-12-18,82,4100,147,55,22099.0,no,51,209100,2023-12-18,187001.0
1689,Customer_1689,customer1689@mail.com,storing,Sorghum,2024-06-13,2024-10-14,138,3450,123,26,14710.8,yes,33,113850,2024-10-14,99139.2
484,Customer_484,customer484@mail.com,sold,Rice,2023-10-30,2024-02-17,105,2625,110,29,11165.0,yes,37,97125,2024-02-17,85960.0
1080,Customer_1080,customer1080@mail.com,sold,Barley,2023-06-01,2023-06-19,113,5650,18,48,3254.4,partial,50,0,2023-06-19,-3254.4
684,Customer_684,customer684@mail.com,sold,Sorghum,2024-07-30,2024-08-31,174,4350,32,60,11136.0,partial,45,0,2024-08-31,-11136.0
1149,Customer_1149,customer1149@mail.com,sold,Barley,2023-06-11,2023-08-11,93,2325,61,41,7753.1,no,40,93000,2023-08-11,85246.9
384,Customer_384,customer384@mail.com,sold,Millet,2023-07-17,2023-12-02,172,8600,138,45,35604.0,partial,48,412800,2023-12-02,377196.0
1662,Customer_1662,customer1662@mail.com,sold,Sorghum,2023-07-29,2023-11-02,156,3900,96,40,19968.0,yes,51,198900,2023-11-02,178932.0
273,Customer_273,customer273@mail.com,sold,Wheat,2023-03-27,2023-04-13,38,950,17,47,1012.07,partial,39,37050,2023-04-13,36037.93
697,Customer_697,customer697@mail.com,stored,Barley,2024-05-26,2024-06-16,90,2250,21,30,1890.0,yes,42,0,2024-06-16,-1890.0
458,Customer_458,customer458@mail.com,sold,Barley,2024-05-27,2024-08-10,146,7300,75,56,20440.0,partial,34,248200,2024-08-10,227760.0
1170,Customer_1170,customer1170@mail.com,sold,Rice,2023-04-20,2023-05-25,15,750,35,31,542.5,yes,32,24000,2023-05-25,23457.5
1069,Customer_1069,customer1069@mail.com,stored,Millet,2024-05-27,2024-06-08,113,2825,12,49,2214.8,yes,53,0,2024-06-08,-2214.8
1239,Customer_1239,customer1239@mail.com,sold,Maize,2023-10-19,2023-12-26,66,3300,68,20,2992.0,no,39,0,2023-12-26,-2992.0
532,Customer_532,customer532@mail.com,stored,Rice,2024-08-08,2024-10-02,179,8950,55,41,13454.83,yes,51,456450,2024-10-02,442995.17
791,Customer_791,customer791@mail.com,storing,Rice,2023-08-17,2023-11-18,155,3875,93,36,17298.0,partial,40,155000,2023-11-18,137702.0
1260,Customer_1260,customer1260@mail.com,stored,Wheat,2023-01-17,2023-06-20,145,3625,154,34,25307.33,partial,32,0,2023-06-20,-25307.33
1645,Customer_1645,customer1645@mail.com,storing,Millet,2023-10-27,2024-03-10,200,10000,135,58,52200.0,no,47,470000,2024-03-10,417800.0
533,Customer_533,customer533@mail.com,storing,Sorghum,2023-05-22,2023-07-03,129,3225,42,25,4515.0,partial,52,167700,2023-07-03,163185.0
1220,Customer_1220,customer1220@mail.com,storing,Barley,2023-07-12,2023-10-22,19,950,102,56,3617.6,yes,43,40850,2023-10-22,37232.4
410,Customer_410,customer410@mail.com,storing,Rice,2023-02-01,2023-05-03,123,3075,91,44,16416.4,no,50,0,2023-05-03,-16416.4
1898,Customer_1898,customer1898@mail.com,sold,Maize,2023-01-09,2023-05-02,135,6750,113,56,28476.0,partial,30,202500,2023-05-02,174024.0
1877,Customer_1877,customer1877@mail.com,stored,Barley,2024-05-07,2024-10-14,23,1150,160,46,5642.67,partial,30,0,2024-10-14,-5642.67
1306,Customer_1306,customer1306@mail.com,stored,Barley,2024-07-19,2024-09-08,152,3800,51,37,9560.8,partial,44,167200,2024-09-08,157639.2
579,Customer_579,customer579@mail.com,stored,Maize,2024-06-01,2024-10-11,101,5050,132,46,20442.4,no,32,0,2024-10-11,-20442.4
1887,Customer_1887,customer1887@mail.com,stored,Millet,2024-01-25,2024-03-20,39,975,55,40,2860.0,yes,41,39975,2024-03-20,37115.0
655,Customer_655,customer655@mail.com,stored,Sorghum,2023-07-05,2023-08-07,58,1450,33,51,3253.8,yes,35,50750,2023-08-07,47496.2
469,Customer_469,customer469@mail.com,stored,Sorghum,2024-02-19,2024-07-12,62,3100,144,39,11606.4,no,41,0,2024-07-12,-11606.4
1730,Customer_1730,customer1730@mail.com,sold,Millet,2023-01-15,2023-03-22,155,7750,66,22,7502.0,no,44,0,2023-03-22,-7502.0
1375,Customer_1375,customer1375@mail.com,storing,Rice,2023-03-06,2023-04-01,196,4900,26,29,4926.13,no,32,156800,2023-04-01,151873.87
1534,Customer_1534,customer1534@mail.com,sold,Rice,2023-12-07,2024-04-12,134,3350,127,58,32901.47,yes,53,177550,2024-04-12,144648.53
628,Customer_628,customer628@mail.com,sold,Sorghum,2023-09-21,2024-02-20,36,1800,152,36,6566.4,no,36,64800,2024-02-20,58233.6
1580,Customer_1580,customer1580@mail.com,storing,Sorghum,2024-02-25,2024-07-13,151,7550,139,38,26586.07,yes,44,0,2024-07-13,-26586.07
195,Customer_195,customer195@mail.com,storing,Sorghum,2023-09-11,2024-01-26,34,1700,137,29,4502.73,yes,53,0,2024-01-26,-4502.73
419,Customer_419,customer419@mail.com,storing,Maize,2023-01-22,2023-06-28,136,3400,157,34,24198.93,no,39,132600,2023-06-28,108401.07
441,Customer_441,customer441@mail.com,stored,Millet,2023-01-09,2023-07-08,179,4475,180,22,23628.0,no,53,0,2023-07-08,-23628.0
1250,Customer_1250,customer1250@mail.com,storing,Rice,2024-06-27,2024-07-21,14,700,24,32,358.4,yes,44,30800,2024-07-21,30441.6
1555,Customer_1555,customer1555@mail.com,storing,Barley,2024-04-29,2024-06-05,84,4200,37,28,2900.8,no,46,0,2024-06-05,-2900.8
1360,Customer_1360,customer1360@mail.com,storing,Millet,2023-06-05,2023-11-18,187,4675,166,51,52771.4,yes,29,0,2023-11-18,-52771.4
705,Customer_705,customer705@mail.com,sold,Barley,2024-08-17,2025-01-13,123,6150,149,39,23825.1,yes,29,178350,2025-01-13,154524.9
1360,Customer_1360,customer1360@mail.com,storing,Millet,2024-04-15,2024-08-21,85,2125,128,58,21034.67,yes,41,0,2024-08-21,-21034.67
358,Customer_358,customer358@mail.com,stored,Rice,2024-08-10,2025-01-26,103,2575,169,24,13925.6,yes,43,110725,2025-01-26,96799.4
1843,Customer_1843,customer1843@mail.com,sold,Maize,2023-10-22,2023-12-20,63,3150,59,57,7062.3,yes,34,107100,2023-12-20,100037.7
153,Customer_153,customer153@mail.com,storing,Barley,2023-01-30,2023-07-23,14,700,174,48,3897.6,partial,25,17500,2023-07-23,13602.4
1595,Customer_1595,customer1595@mail.com,storing,Wheat,2023-06-05,2023-07-08,169,4225,33,52,9666.8,partial,29,122525,2023-07-08,112858.2
192,Customer_192,customer192@mail.com,stored,Barley,2024-06-27,2024-09-20,190,4750,85,25,13458.33,no,55,261250,2024-09-20,247791.67
173,Customer_173,customer173@mail.com,sold,Rice,2023-08-13,2023-11-29,129,3225,108,32,14860.8,partial,55,177375,2023-11-29,162514.2
161,Customer_161,customer161@mail.com,sold,Wheat,2023-02-03,2023-04-20,53,1325,76,40,5370.67,no,44,0,2023-04-20,-5370.67
1680,Customer_1680,customer1680@mail.com,stored,Sorghum,2023-01-31,2023-02-10,118,5900,10,58,2281.33,no,45,0,2023-02-10,-2281.33
1761,Customer_1761,customer1761@mail.com,stored,Rice,2023-09-27,2024-02-06,64,1600,132,29,8166.4,no,29,46400,2024-02-06,38233.6
1468,Customer_1468,customer1468@mail.com,sold,Wheat,2024-06-04,2024-09-10,97,4850,98,32,10139.73,yes,46,223100,2024-09-10,212960.27
1976,Customer_1976,customer1976@mail.com,storing,Wheat,2024-04-04,2024-07-13,134,3350,100,42,18760.0,no,41,0,2024-07-13,-18760.0
97,Customer_97,customer97@mail.com,sold,Maize,2023-11-23,2024-04-26,108,5400,155,46,25668.0,no,41,221400,2024-04-26,195732.0
907,Customer_907,customer907@mail.com,sold,Barley,2024-05-31,2024-10-08,18,900,130,58,4524.0,yes,25,0,2024-10-08,-4524.0
670,Customer_670,customer670@mail.com,storing,Wheat,2023-09-26,2023-12-25,95,4750,90,44,12540.0,no,41,194750,2023-12-25,182210.0
813,Customer_813,customer813@mail.com,storing,Sorghum,2023-08-31,2024-01-19,195,4875,141,54,49491.0,no,39,190125,2024-01-19,140634.0
493,Customer_493,customer493@mail.com,stored,Wheat,2024-03-29,2024-09-22,131,6550,177,32,24732.8,partial,30,0,2024-09-22,-24732.8
990,Customer_990,customer990@mail.com,stored,Maize,2024-08-06,2025-01-23,15,375,170,52,4420.0,no,41,0,2025-01-23,-4420.0
1189,Customer_1189,customer1189@mail.com,sold,Rice,2023-05-10,2023-07-13,65,1625,64,20,2773.33,partial,34,55250,2023-07-13,52476.67
1735,Customer_1735,customer1735@mail.com,stored,Rice,2024-01-03,2024-01-31,22,1100,28,31,636.53,no,48,0,2024-01-31,-636.53
605,Customer_605,customer605@mail.com,stored,Millet,2023-04-06,2023-09-16,12,600,163,46,2999.2,partial,38,0,2023-09-16,-2999.2
276,Customer_276,customer276@mail.com,sold,Maize,2023-01-09,2023-01-31,156,3900,22,31,3546.4,partial,25,0,2023-01-31,-3546.4
1067,Customer_1067,customer1067@mail.com,stored,Barley,2023-08-17,2023-11-12,192,9600,87,30,16704.0,yes,54,0,2023-11-12,-16704.0
1702,Customer_1702,customer1702@mail.com,sold,Barley,2023-09-20,2023-12-29,36,900,100,43,5160.0,no,48,43200,2023-12-29,38040.0
88,Customer_88,customer88@mail.com,storing,Wheat,2023-11-04,2024-03-24,39,1950,141,23,4215.9,yes,49,95550,2024-03-24,91334.1
1806,Customer_1806,customer1806@mail.com,storing,Maize,2024-02-15,2024-04-21,141,3525,66,44,13648.8,partial,55,193875,2024-04-21,180226.2
495,Customer_495,customer495@mail.com,storing,Sorghum,2024-02-14,2024-07-25,200,5000,162,48,51840.0,yes,39,0,2024-07-25,-51840.0
1775,Customer_1775,customer1775@mail.com,sold,Sorghum,2023-09-18,2023-12-16,162,8100,89,52,24991.2,yes,45,364500,2023-12-16,339508.8
155,Customer_155,customer155@mail.com,stored,Sorghum,2023-12-12,2023-12-25,105,5250,13,55,2502.5,no,27,141750,2023-12-25,139247.5
1615,Customer_1615,customer1615@mail.com,stored,Millet,2024-04-30,2024-09-05,18,450,128,46,3532.8,yes,50,0,2024-09-05,-3532.8
585,Customer_585,customer585@mail.com,sold,Barley,2024-02-02,2024-05-14,118,5900,102,59,23670.8,partial,50,0,2024-05-14,-23670.8
1390,Customer_1390,customer1390@mail.com,sold,Sorghum,2023-10-18,2024-01-18,69,3450,92,52,11003.2,yes,31,106950,2024-01-18,95946.8
1791,Customer_1791,customer1791@mail.com,storing,Rice,2023-06-07,2023-11-15,159,7950,161,23,19625.9,yes,50,0,2023-11-15,-19625.9
1651,Customer_1651,customer1651@mail.com,sold,Millet,2024-08-04,2024-10-31,109,5450,88,56,17905.07,partial,52,0,2024-10-31,-17905.07
1885,Customer_1885,customer1885@mail.com,stored,Millet,2023-05-19,2023-08-04,192,4800,77,25,12320.0,no,41,0,2023-08-04,-12320.0
670,Customer_670,customer670@mail.com,sold,Maize,2024-01-24,2024-06-24,180,4500,152,36,32832.0,partial,25,112500,2024-06-24,79668.0
811,Customer_811,customer811@mail.com,storing,Sorghum,2023-12-27,2024-04-27,91,2275,122,44,16282.93,yes,32,72800,2024-04-27,56517.07
657,Customer_657,customer657@mail.com,storing,Maize,2024-01-01,2024-01-26,105,2625,25,54,4725.0,no,27,70875,2024-01-26,66150.0
358,Customer_358,customer358@mail.com,storing,Wheat,2023-11-08,2024-02-23,31,775,107,57,6302.3,partial,27,20925,2024-02-23,14622.7
1918,Customer_1918,customer1918@mail.com,sold,Wheat,2023-04-20,2023-05-07,186,4650,17,52,5480.8,partial,40,186000,2023-05-07,180519.2
1297,Customer_1297,customer1297@mail.com,stored,Millet,2024-01-20,2024-02-11,192,4800,22,37,5209.6,partial,36,0,2024-02-11,-5209.6
1428,Customer_1428,customer1428@mail.com,storing,Millet,2023-12-15,2024-06-12,74,3700,180,45,19980.0,no,35,129500,2024-06-12,109520.0
1493,Customer_1493,customer1493@mail.com,storing,Barley,2024-08-13,2024-09-05,100,5000,23,53,4063.33,partial,33,0,2024-09-05,-4063.33
1800,Customer_1800,customer1800@mail.com,stored,Millet,2024-08-15,2024-12-28,193,9650,135,27,23449.5,no,27,260550,2024-12-28,237100.5
82,Customer_82,customer82@mail.com,sold,Millet,2024-08-11,2024-11-30,90,4500,111,38,12654.0,yes,45,202500,2024-11-30,189846.0
20,Customer_20,customer20@mail.com,storing,Maize,2024-08-22,2025-01-26,15,750,157,48,3768.0,yes,39,29250,2025-01-26,25482.0
1580,Customer_1580,customer1580@mail.com,stored,Wheat,2023-11-24,2024-04-26,188,9400,154,52,50183.47,partial,48,451200,2024-04-26,401016.53
467,Customer_467,customer467@mail.com,stored,Rice,2024-01-22,2024-03-23,110,5500,61,29,6486.33,yes,32,176000,2024-03-23,169513.67
1162,Customer_1162,customer1162@mail.com,storing,Maize,2023-10-01,2024-01-01,30,1500,92,43,3956.0,yes,38,0,2024-01-01,-3956.0
1212,Customer_1212,customer1212@mail.com,storing,Maize,2023-12-22,2024-05-20,85,4250,150,42,17850.0,partial,34,144500,2024-05-20,126650.0
29,Customer_29,customer29@mail.com,storing,Wheat,2023-05-26,2023-08-05,18,900,71,58,2470.8,yes,44,0,2023-08-05,-2470.8
1591,Customer_1591,customer1591@mail.com,sold,Rice,2024-07-30,2024-08-23,58,2900,24,28,1299.2,yes,52,0,2024-08-23,-1299.2
458,Customer_458,customer458@mail.com,stored,Millet,2024-02-14,2024-06-02,25,625,109,20,1816.67,partial,52,0,2024-06-02,-1816.67
850,Customer_850,customer850@mail.com,sold,Millet,2023-03-04,2023-06-25,137,3425,113,48,24769.6,no,42,0,2023-06-25,-24769.6
1029,Customer_1029,customer1029@mail.com,stored,Wheat,2023-12-01,2024-03-04,93,2325,94,20,5828.0,yes,55,0,2024-03-04,-5828.0
1344,Customer_1344,customer1344@mail.com,sold,Maize,2023-05-05,2023-06-04,51,2550,30,54,2754.0,no,53,0,2023-06-04,-2754.0
1793,Customer_1793,customer1793@mail.com,sold,Wheat,2024-08-01,2024-10-04,67,3350,64,39,5574.4,no,40,134000,2024-10-04,128425.6
1326,Customer_1326,customer1326@mail.com,storing,Sorghum,2023-10-02,2023-10-31,74,3700,29,34,2432.13,partial,53,196100,2023-10-31,193667.87
1665,Customer_1665,customer1665@mail.com,stored,Rice,2023-09-01,2023-10-08,118,5900,37,39,5675.8,partial,34,0,2023-10-08,-5675.8
681,Customer_681,customer681@mail.com,sold,Maize,2023-06-14,2023-08-14,21,525,61,54,2305.8,yes,28,14700,2023-08-14,12394.2
1324,Customer_1324,customer1324@mail.com,sold,Millet,2024-04-21,2024-07-18,77,3850,88,56,12648.53,yes,36,0,2024-07-18,-12648.53
279,Customer_279,customer279@mail.com,sold,Rice,2024-08-16,2024-10-08,91,4550,53,59,9485.23,yes,40,0,2024-10-08,-9485.23
1611,Customer_1611,customer1611@mail.com,stored,Barley,2023-08-10,2023-10-28,186,4650,79,24,11755.2,partial,46,0,2023-10-28,-11755.2
1488,Customer_1488,customer1488@mail.com,storing,Rice,2023-10-07,2023-11-03,69,3450,27,53,3291.3,partial,43,0,2023-11-03,-3291.3
348,Customer_348,customer348@mail.com,sold,Maize,2023-03-17,2023-08-10,90,4500,146,36,15768.0,partial,30,135000,2023-08-10,119232.0
383,Customer_383,customer383@mail.com,stored,Sorghum,2024-03-22,2024-05-04,175,4375,43,59,14799.17,yes,27,0,2024-05-04,-14799.17
1172,Customer_1172,customer1172@mail.com,stored,Rice,2024-06-22,2024-07-14,185,9250,22,33,4477.0,partial,42,0,2024-07-14,-4477.0
1871,Customer_1871,customer1871@mail.com,storing,Wheat,2023-01-01,2023-04-12,98,2450,101,35,11547.67,yes,29,71050,2023-04-12,59502.33
1316,Customer_1316,customer1316@mail.com,stored,Barley,2024-01-05,2024-05-14,154,3850,130,36,24024.0,partial,40,0,2024-05-14,-24024.0
1575,Customer_1575,customer1575@mail.com,stored,Maize,2024-08-09,2024-09-18,150,3750,40,36,7200.0,no,39,0,2024-09-18,-7200.0
1981,Customer_1981,customer1981@mail.com,stored,Sorghum,2023-01-01,2023-06-14,136,6800,164,41,30482.13,partial,30,0,2023-06-14,-30482.13
568,Customer_568,customer568@mail.com,sold,Wheat,2023-06-25,2023-10-21,200,5000,118,52,40906.67,partial,28,140000,2023-10-21,99093.33
1336,Customer_1336,customer1336@mail.com,storing,Millet,2023-10-11,2023-11-24,98,2450,44,20,2874.67,no,33,80850,2023-11-24,77975.33
657,Customer_657,customer657@mail.com,storing,Wheat,2023-01-12,2023-05-31,53,1325,139,44,10804.93,partial,40,53000,2023-05-31,42195.07
1064,Customer_1064,customer1064@mail.com,stored,Sorghum,2023-04-03,2023-08-29,63,3150,148,24,7459.2,partial,27,85050,2023-08-29,77590.8
1145,Customer_1145,customer1145@mail.com,stored,Maize,2023-04-14,2023-06-15,163,4075,62,38,12800.93,no,40,163000,2023-06-15,150199.07
1661,Customer_1661,customer1661@mail.com,stored,Maize,2024-04-24,2024-06-04,108,2700,41,59,8708.4,yes,28,0,2024-06-04,-8708.4
1131,Customer_1131,customer1131@mail.com,stored,Rice,2023-05-04,2023-09-15,20,1000,134,21,1876.0,yes,27,0,2023-09-15,-1876.0
1219,Customer_1219,customer1219@mail.com,stored,Millet,2023-03-18,2023-06-13,137,3425,87,56,22248.8,partial,39,0,2023-06-13,-22248.8
90,Customer_90,customer90@mail.com,storing,Wheat,2023-01-01,2023-04-05,71,3550,94,30,6674.0,yes,48,170400,2023-04-05,163726.0
1911,Customer_1911,customer1911@mail.com,sold,Barley,2023-02-01,2023-07-19,140,3500,168,47,36848.0,yes,38,0,2023-07-19,-36848.0
1169,Customer_1169,customer1169@mail.com,sold,Barley,2023-01-14,2023-05-31,101,2525,137,58,26751.53,yes,43,108575,2023-05-31,81823.47
968,Customer_968,customer968@mail.com,storing,Barley,2024-06-01,2024-09-01,165,8250,92,43,21758.0,yes,39,321750,2024-09-01,299992.0
657,Customer_657,customer657@mail.com,storing,Barley,2023-05-24,2023-06-14,125,6250,21,21,1837.5,partial,26,0,2023-06-14,-1837.5
118,Customer_118,customer118@mail.com,sold,Rice,2023-08-21,2023-10-26,121,3025,66,59,15705.8,yes,41,124025,2023-10-26,108319.2
121,Customer_121,customer121@mail.com,stored,Millet,2023-07-26,2023-09-12,122,6100,48,31,6051.2,yes,34,0,2023-09-12,-6051.2
1098,Customer_1098,customer1098@mail.com,storing,Millet,2023-03-23,2023-07-28,158,7900,127,28,18728.27,yes,32,252800,2023-07-28,234071.73
473,Customer_473,customer473@mail.com,sold,Millet,2023-05-06,2023-08-31,63,3150,117,57,14004.9,partial,34,0,2023-08-31,-14004.9
291,Customer_291,customer291@mail.com,stored,Wheat,2024-07-02,2024-12-06,39,975,157,26,5306.6,yes,25,0,2024-12-06,-5306.6
322,Customer_322,customer322@mail.com,storing,Millet,2024-07-08,2024-07-23,94,2350,15,47,2209.0,no,47,110450,2024-07-23,108241.0
1079,Customer_1079,customer1079@mail.com,storing,Millet,2024-04-04,2024-09-04,25,1250,153,37,4717.5,no,55,0,2024-09-04,-4717.5
1087,Customer_1087,customer1087@mail.com,sold,Wheat,2023-06-12,2023-09-15,55,2750,95,43,7489.17,partial,35,0,2023-09-15,-7489.17
1775,Customer_1775,customer1775@mail.com,stored,Barley,2023-05-08,2023-07-17,42,1050,70,48,4704.0,yes,31,32550,2023-07-17,27846.0
1289,Customer_1289,customer1289@mail.com,sold,Barley,2023-01-03,2023-02-22,131,6550,50,34,7423.33,yes,54,353700,2023-02-22,346276.67
871,Customer_871,customer871@mail.com,sold,Rice,2023-05-07,2023-06-05,91,2275,29,49,4310.37,yes,28,0,2023-06-05,-4310.37
1175,Customer_1175,customer1175@mail.com,sold,Rice,2023-07-06,2023-12-18,134,6700,165,32,23584.0,partial,27,0,2023-12-18,-23584.0
760,Customer_760,customer760@mail.com,storing,Barley,2024-01-28,2024-03-26,18,450,58,58,2018.4,yes,27,12150,2024-03-26,10131.6
139,Customer_139,customer139@mail.com,sold,Sorghum,2024-02-03,2024-07-22,47,2350,170,35,9321.67,no,26,0,2024-07-22,-9321.67
449,Customer_449,customer449@mail.com,sold,Wheat,2023-10-25,2024-04-09,177,4425,167,40,39412.0,partial,29,0,2024-04-09,-39412.0
1088,Customer_1088,customer1088@mail.com,sold,Rice,2024-08-13,2024-09-29,184,9200,47,37,10665.87,no,51,0,2024-09-29,-10665.87
1003,Customer_1003,customer1003@mail.com,storing,Barley,2024-04-19,2024-07-10,107,5350,82,21,6141.8,partial,34,0,2024-07-10,-6141.8
1151,Customer_1151,customer1151@mail.com,storing,Wheat,2023-03-05,2023-08-15,135,6750,163,50,36675.0,partial,27,0,2023-08-15,-36675.0
89,Customer_89,customer89@mail.com,stored,Barley,2023-05-07,2023-06-28,197,9850,52,28,9561.07,yes,48,472800,2023-06-28,463238.93
84,Customer_84,customer84@mail.com,stored,Wheat,2024-05-18,2024-09-15,61,1525,120,53,12932.0,no,40,61000,2024-09-15,48068.0
1133,Customer_1133,customer1133@mail.com,sold,Barley,2024-06-05,2024-09-05,87,4350,92,21,5602.8,no,42,182700,2024-09-05,177097.2
1761,Customer_1761,customer1761@mail.com,sold,Maize,2023-04-15,2023-09-12,92,4600,150,27,12420.0,yes,30,138000,2023-09-12,125580.0
1321,Customer_1321,customer1321@mail.com,stored,Maize,2024-08-20,2024-09-16,156,3900,27,26,3650.4,partial,35,136500,2024-09-16,132849.6
1608,Customer_1608,customer1608@mail.com,sold,Barley,2023-12-22,2024-03-25,125,3125,94,56,21933.33,partial,49,153125,2024-03-25,131191.67
526,Customer_526,customer526@mail.com,stored,Barley,2024-06-10,2024-07-13,11,550,33,44,532.4,no,26,14300,2024-07-13,13767.6
1053,Customer_1053,customer1053@mail.com,storing,Rice,2023-06-03,2023-06-20,16,800,17,30,272.0,no,54,43200,2023-06-20,42928.0
1729,Customer_1729,customer1729@mail.com,sold,Barley,2023-07-27,2023-12-26,172,4300,152,59,51416.53,no,55,0,2023-12-26,-51416.53
720,Customer_720,customer720@mail.com,storing,Maize,2024-02-13,2024-04-15,185,4625,62,30,11470.0,no,48,222000,2024-04-15,210530.0
53,Customer_53,customer53@mail.com,stored,Wheat,2023-10-28,2024-01-04,193,4825,68,26,11374.13,no,55,0,2024-01-04,-11374.13
456,Customer_456,customer456@mail.com,stored,Maize,2023-04-05,2023-08-28,51,2550,145,26,6409.0,no,37,0,2023-08-28,-6409.0
120,Customer_120,customer120@mail.com,storing,Millet,2023-03-25,2023-07-24,178,8900,121,26,18666.27,yes,53,471700,2023-07-24,453033.73
1619,Customer_1619,customer1619@mail.com,stored,Maize,2024-03-15,2024-07-24,192,4800,131,53,44435.2,no,49,235200,2024-07-24,190764.8
1811,Customer_1811,customer1811@mail.com,sold,Wheat,2024-04-23,2024-10-01,124,3100,161,55,36600.67,partial,36,111600,2024-10-01,74999.33
1910,Customer_1910,customer1910@mail.com,stored,Maize,2023-08-04,2023-08-24,114,2850,20,45,3420.0,yes,44,0,2023-08-24,-3420.0
396,Customer_396,customer396@mail.com,storing,Barley,2024-01-14,2024-06-28,16,800,166,58,5134.93,partial,30,0,2024-06-28,-5134.93
1077,Customer_1077,customer1077@mail.com,storing,Maize,2024-05-17,2024-07-13,37,1850,57,44,3093.2,no,50,0,2024-07-13,-3093.2
1049,Customer_1049,customer1049@mail.com,stored,Rice,2023-01-22,2023-06-14,66,3300,143,50,15730.0,no,31,0,2023-06-14,-15730.0
1625,Customer_1625,customer1625@mail.com,stored,Rice,2024-06-12,2024-10-31,125,6250,141,22,12925.0,no,41,0,2024-10-31,-12925.0
197,Customer_197,customer197@mail.com,sold,Rice,2024-01-14,2024-04-12,80,2000,89,38,9018.67,no,45,0,2024-04-12,-9018.67
1383,Customer_1383,customer1383@mail.com,sold,Barley,2023-04-12,2023-09-22,170,4250,163,32,29557.33,yes,49,208250,2023-09-22,178692.67
1739,Customer_1739,customer1739@mail.com,stored,Rice,2024-05-09,2024-07-04,56,1400,56,28,2926.93,partial,45,0,2024-07-04,-2926.93
1166,Customer_1166,customer1166@mail.com,sold,Barley,2024-01-11,2024-01-27,80,2000,16,32,1365.33,partial,35,0,2024-01-27,-1365.33
1827,Customer_1827,customer1827@mail.com,stored,Barley,2023-10-05,2024-03-17,188,4700,164,35,35970.67,no,32,150400,2024-03-17,114429.33
1656,Customer_1656,customer1656@mail.com,stored,Maize,2023-07-11,2023-10-21,113,2825,102,33,12678.6,no,32,90400,2023-10-21,77721.4
990,Customer_990,customer990@mail.com,sold,Sorghum,2024-07-28,2024-09-06,27,675,40,59,2124.0,partial,51,0,2024-09-06,-2124.0
1804,Customer_1804,customer1804@mail.com,storing,Rice,2023-01-14,2023-06-11,136,3400,148,51,34217.6,no,48,163200,2023-06-11,128982.4
1889,Customer_1889,customer1889@mail.com,storing,Sorghum,2023-03-24,2023-04-06,177,8850,13,25,1917.5,partial,36,318600,2023-04-06,316682.5
613,Customer_613,customer613@mail.com,stored,Rice,2024-05-26,2024-10-21,51,2550,148,51,12831.6,yes,45,114750,2024-10-21,101918.4
982,Customer_982,customer982@mail.com,storing,Rice,2023-11-11,2024-03-21,180,9000,131,25,19650.0,partial,45,0,2024-03-21,-19650.0
1159,Customer_1159,customer1159@mail.com,storing,Sorghum,2023-05-19,2023-07-28,124,3100,70,29,8390.67,yes,45,139500,2023-07-28,131109.33
1426,Customer_1426,customer1426@mail.com,sold,Sorghum,2024-03-30,2024-08-13,166,4150,136,33,24833.6,partial,35,0,2024-08-13,-24833.6
1443,Customer_1443,customer1443@mail.com,storing,Millet,2023-03-02,2023-04-29,110,2750,58,31,6592.67,partial,27,0,2023-04-29,-6592.67
1547,Customer_1547,customer1547@mail.com,storing,Rice,2024-06-19,2024-09-15,175,8750,88,41,21046.67,partial,30,0,2024-09-15,-21046.67
1325,Customer_1325,customer1325@mail.com,sold,Wheat,2023-04-12,2023-09-24,199,4975,165,27,29551.5,partial,37,0,2023-09-24,-29551.5
464,Customer_464,customer464@mail.com,storing,Maize,2023-05-05,2023-06-22,58,1450,48,43,3990.4,no,31,0,2023-06-22,-3990.4
336,Customer_336,customer336@mail.com,storing,Maize,2023-04-18,2023-07-31,51,1275,104,43,7602.4,yes,34,0,2023-07-31,-7602.4
188,Customer_188,customer188@mail.com,sold,Maize,2023-03-28,2023-08-10,118,2950,135,35,18585.0,partial,27,79650,2023-08-10,61065.0
688,Customer_688,customer688@mail.com,storing,Wheat,2023-07-26,2023-09-10,103,2575,46,40,6317.33,partial,35,0,2023-09-10,-6317.33
574,Customer_574,customer574@mail.com,stored,Maize,2023-11-22,2024-05-05,130,3250,165,38,27170.0,yes,28,0,2024-05-05,-27170.0
517,Customer_517,customer517@mail.com,sold,Wheat,2024-01-15,2024-01-30,120,6000,15,33,1980.0,no,51,306000,2024-01-30,304020.0
1387,Customer_1387,customer1387@mail.com,storing,Wheat,2023-07-07,2023-07-30,192,9600,23,33,4857.6,no,37,0,2023-07-30,-4857.6
1861,Customer_1861,customer1861@mail.com,sold,Rice,2024-03-16,2024-04-14,99,2475,29,57,5454.9,partial,46,0,2024-04-14,-5454.9
366,Customer_366,customer366@mail.com,sold,Barley,2023-01-29,2023-03-03,195,4875,33,53,11368.5,yes,25,0,2023-03-03,-11368.5
707,Customer_707,customer707@mail.com,sold,Wheat,2023-05-25,2023-08-21,46,2300,88,57,7691.2,yes,44,101200,2023-08-21,93508.8
112,Customer_112,customer112@mail.com,storing,Sorghum,2023-04-30,2023-09-16,67,1675,139,57,17694.7,no,40,0,2023-09-16,-17694.7
885,Customer_885,customer885@mail.com,stored,Barley,2024-03-22,2024-05-12,20,1000,51,27,918.0,yes,43,0,2024-05-12,-918.0
308,Customer_308,customer308@mail.com,stored,Rice,2023-03-08,2023-04-21,102,2550,44,42,6283.2,partial,31,79050,2023-04-21,72766.8
810,Customer_810,customer810@mail.com,sold,Maize,2024-06-13,2024-09-01,78,1950,80,51,10608.0,partial,32,0,2024-09-01,-10608.0
236,Customer_236,customer236@mail.com,storing,Rice,2024-06-26,2024-08-21,90,4500,56,35,5880.0,yes,29,0,2024-08-21,-5880.0
1710,Customer_1710,customer1710@mail.com,storing,Barley,2023-04-03,2023-08-22,181,9050,141,32,27222.4,no,39,0,2023-08-22,-27222.4
1711,Customer_1711,customer1711@mail.com,sold,Maize,2023-03-17,2023-06-02,193,4825,77,47,23282.23,yes,33,0,2023-06-02,-23282.23
1968,Customer_1968,customer1968@mail.com,sold,Wheat,2023-12-27,2024-02-03,76,3800,38,31,2984.27,partial,36,136800,2024-02-03,133815.73
843,Customer_843,customer843@mail.com,stored,Millet,2023-09-02,2023-12-18,17,850,107,32,1940.27,yes,54,0,2023-12-18,-1940.27
1976,Customer_1976,customer1976@mail.com,storing,Sorghum,2023-10-04,2024-03-23,27,675,171,26,4001.4,no,45,30375,2024-03-23,26373.6
912,Customer_912,customer912@mail.com,stored,Maize,2023-12-23,2024-02-06,187,4675,45,26,7293.0,partial,28,0,2024-02-06,-7293.0
354,Customer_354,customer354@mail.com,sold,Maize,2023-06-26,2023-11-01,163,8150,128,33,22950.4,yes,28,228200,2023-11-01,205249.6
1758,Customer_1758,customer1758@mail.com,stored,Barley,2024-01-13,2024-06-20,189,9450,159,35,35059.5,no,45,425250,2024-06-20,390190.5
1255,Customer_1255,customer1255@mail.com,sold,Maize,2023-10-28,2023-12-16,103,5150,49,24,4037.6,no,45,231750,2023-12-16,227712.4
1306,Customer_1306,customer1306@mail.com,stored,Wheat,2023-03-17,2023-03-27,100,2500,10,27,900.0,yes,47,0,2023-03-27,-900.0
1687,Customer_1687,customer1687@mail.com,stored,Barley,2024-08-22,2025-02-12,119,5950,174,42,28988.4,partial,37,220150,2025-02-12,191161.6
6,Customer_6,customer6@mail.com,stored,Maize,2024-08-22,2024-12-15,137,3425,115,44,23107.33,yes,55,188375,2024-12-15,165267.67
61,Customer_61,customer61@mail.com,sold,Rice,2023-01-08,2023-05-05,164,4100,117,43,27502.8,yes,36,0,2023-05-05,-27502.8
294,Customer_294,customer294@mail.com,storing,Barley,2023-05-27,2023-11-09,77,3850,166,53,22581.53,partial,40,154000,2023-11-09,131418.47
1091,Customer_1091,customer1091@mail.com,storing,Millet,2023-12-26,2024-03-29,172,8600,94,59,31797.07,partial,52,447200,2024-03-29,415402.93
1105,Customer_1105,customer1105@mail.com,storing,Sorghum,2023-01-30,2023-03-22,165,4125,51,43,12061.5,yes,53,218625,2023-03-22,206563.5
1582,Customer_1582,customer1582@mail.com,stored,Maize,2023-06-05,2023-12-02,145,7250,180,37,32190.0,partial,45,0,2023-12-02,-32190.0
543,Customer_543,customer543@mail.com,sold,Millet,2024-06-15,2024-07-31,122,3050,46,30,5612.0,partial,55,167750,2024-07-31,162138.0
92,Customer_92,customer92@mail.com,stored,Barley,2023-06-29,2023-12-12,70,1750,166,30,11620.0,no,51,89250,2023-12-12,77630.0
1228,Customer_1228,customer1228@mail.com,sold,Wheat,2024-03-30,2024-07-04,102,2550,96,58,18931.2,yes,29,73950,2024-07-04,55018.8
374,Customer_374,customer374@mail.com,sold,Sorghum,2023-04-08,2023-05-20,27,1350,42,28,1058.4,no,25,0,2023-05-20,-1058.4
1803,Customer_1803,customer1803@mail.com,stored,Millet,2024-08-05,2024-09-10,98,4900,36,40,4704.0,partial,33,161700,2024-09-10,156996.0
931,Customer_931,customer931@mail.com,stored,Wheat,2023-08-30,2023-12-18,117,5850,110,47,20163.0,no,27,0,2023-12-18,-20163.0
147,Customer_147,customer147@mail.com,sold,Barley,2023-06-13,2023-10-19,196,9800,128,25,20906.67,no,45,0,2023-10-19,-20906.67
1385,Customer_1385,customer1385@mail.com,sold,Sorghum,2023-05-26,2023-09-23,136,3400,120,50,27200.0,partial,39,132600,2023-09-23,105400.0
1,Customer_1,customer1@mail.com,storing,Barley,2023-08-11,2023-09-30,162,4050,50,52,14040.0,no,36,0,2023-09-30,-14040.0
444,Customer_444,customer444@mail.com,sold,Wheat,2023-12-28,2024-06-18,165,4125,173,29,27593.5,partial,38,0,2024-06-18,-27593.5
346,Customer_346,customer346@mail.com,sold,Sorghum,2023-03-18,2023-07-28,148,7400,132,35,22792.0,yes,35,259000,2023-07-28,236208.0
1475,Customer_1475,customer1475@mail.com,stored,Wheat,2023-06-14,2023-11-24,73,3650,163,55,21814.83,yes,49,178850,2023-11-24,157035.17
1587,Customer_1587,customer1587@mail.com,storing,Wheat,2023-02-09,2023-04-27,171,4275,77,35,15361.5,yes,48,0,2023-04-27,-15361.5
702,Customer_702,customer702@mail.com,stored,Rice,2023-07-01,2023-10-02,93,2325,93,30,8649.0,partial,39,0,2023-10-02,-8649.0
330,Customer_330,customer330@mail.com,stored,Rice,2024-08-05,2024-12-25,97,4850,142,27,12396.6,partial,50,242500,2024-12-25,230103.4
1232,Customer_1232,customer1232@mail.com,storing,Barley,2024-04-04,2024-09-26,156,7800,175,33,30030.0,no,44,343200,2024-09-26,313170.0
1012,Customer_1012,customer1012@mail.com,stored,Millet,2024-06-07,2024-07-24,156,3900,47,37,9042.8,partial,25,0,2024-07-24,-9042.8
391,Customer_391,customer391@mail.com,stored,Millet,2024-05-22,2024-09-05,124,6200,106,55,24097.33,partial,28,0,2024-09-05,-24097.33
1151,Customer_1151,customer1151@mail.com,stored,Millet,2023-10-04,2023-12-08,153,7650,65,36,11934.0,no,45,344250,2023-12-08,332316.0
975,Customer_975,customer975@mail.com,sold,Rice,2023-04-29,2023-09-30,168,4200,154,25,21560.0,no,47,197400,2023-09-30,175840.0
236,Customer_236,customer236@mail.com,storing,Rice,2023-09-02,2023-11-03,72,1800,62,54,8035.2,no,46,0,2023-11-03,-8035.2
1095,Customer_1095,customer1095@mail.com,sold,Sorghum,2023-03-25,2023-08-15,76,1900,143,40,14490.67,no,34,64600,2023-08-15,50109.33
52,Customer_52,customer52@mail.com,stored,Wheat,2023-07-15,2023-10-01,18,900,78,37,1731.6,partial,35,31500,2023-10-01,29768.4
1421,Customer_1421,customer1421@mail.com,sold,Sorghum,2024-06-17,2024-07-21,193,4825,34,45,9843.0,partial,26,125450,2024-07-21,115607.0
994,Customer_994,customer994@mail.com,sold,Maize,2024-01-17,2024-03-14,23,575,57,55,2403.5,partial,38,0,2024-03-14,-2403.5
1985,Customer_1985,customer1985@mail.com,sold,Rice,2023-04-08,2023-07-25,44,2200,108,28,4435.2,no,29,0,2023-07-25,-4435.2
1971,Customer_1971,customer1971@mail.com,sold,Maize,2023-03-03,2023-06-13,56,2800,102,33,6283.2,yes,43,0,2023-06-13,-6283.2
1878,Customer_1878,customer1878@mail.com,stored,Barley,2023-08-07,2023-10-31,82,4100,85,51,11849.0,no,39,159900,2023-10-31,148051.0
369,Customer_369,customer369@mail.com,stored,Maize,2023-06-25,2023-08-27,26,650,63,60,3276.0,yes,41,0,2023-08-27,-3276.0
1,Customer_1,customer1@mail.com,storing,Wheat,2023-09-03,2023-09-13,102,5100,10,33,1122.0,partial,35,0,2023-09-13,-1122.0
631,Customer_631,customer631@mail.com,storing,Wheat,2023-01-05,2023-05-28,178,4450,143,34,28847.87,no,25,0,2023-05-28,-28847.87
481,Customer_481,customer481@mail.com,sold,Barley,2024-06-23,2024-12-13,51,2550,173,27,7940.7,partial,33,84150,2024-12-13,76209.3
1316,Customer_1316,customer1316@mail.com,sold,Sorghum,2023-01-11,2023-04-29,29,725,108,49,5115.6,yes,25,18125,2023-04-29,13009.4
586,Customer_586,customer586@mail.com,stored,Millet,2024-01-14,2024-01-25,80,2000,11,24,704.0,partial,26,52000,2024-01-25,51296.0
263,Customer_263,customer263@mail.com,storing,Wheat,2023-04-04,2023-06-29,109,2725,86,21,6561.8,partial,29,79025,2023-06-29,72463.2
1627,Customer_1627,customer1627@mail.com,stored,Wheat,2024-06-30,2024-12-06,13,325,159,41,2824.9,partial,26,8450,2024-12-06,5625.1
841,Customer_841,customer841@mail.com,sold,Barley,2024-08-20,2024-12-25,73,1825,127,33,10198.1,yes,46,83950,2024-12-25,73751.9
1426,Customer_1426,customer1426@mail.com,stored,Barley,2024-07-06,2024-10-15,12,600,101,24,969.6,partial,33,19800,2024-10-15,18830.4
1301,Customer_1301,customer1301@mail.com,storing,Sorghum,2023-05-02,2023-10-15,170,4250,166,26,24457.33,no,27,0,2023-10-15,-24457.33
1744,Customer_1744,customer1744@mail.com,sold,Millet,2023-05-20,2023-09-28,74,1850,131,39,12602.2,no,28,51800,2023-09-28,39197.8
1073,Customer_1073,customer1073@mail.com,storing,Wheat,2023-01-18,2023-04-03,145,7250,75,60,21750.0,yes,42,0,2023-04-03,-21750.0
1858,Customer_1858,customer1858@mail.com,stored,Wheat,2023-08-03,2023-09-07,45,1125,35,51,2677.5,partial,46,0,2023-09-07,-2677.5
26,Customer_26,customer26@mail.com,storing,Sorghum,2023-02-24,2023-06-15,36,900,111,49,6526.8,partial,46,41400,2023-06-15,34873.2
1962,Customer_1962,customer1962@mail.com,storing,Sorghum,2023-07-16,2023-10-14,38,1900,90,34,3876.0,no,44,83600,2023-10-14,79724.0
1798,Customer_1798,customer1798@mail.com,sold,Barley,2024-07-29,2025-01-11,94,2350,166,38,19765.07,no,46,0,2025-01-11,-19765.07
1568,Customer_1568,customer1568@mail.com,storing,Sorghum,2023-11-12,2024-02-24,104,5200,104,58,20910.93,yes,43,223600,2024-02-24,202689.07
1395,Customer_1395,customer1395@mail.com,storing,Millet,2024-06-26,2024-08-24,50,1250,59,50,4916.67,partial,54,67500,2024-08-24,62583.33
1580,Customer_1580,customer1580@mail.com,sold,Rice,2024-02-25,2024-07-19,103,5150,145,23,11450.17,partial,50,0,2024-07-19,-11450.17
534,Customer_534,customer534@mail.com,stored,Barley,2024-05-06,2024-09-21,136,3400,138,33,20644.8,yes,41,0,2024-09-21,-20644.8
1508,Customer_1508,customer1508@mail.com,storing,Sorghum,2023-10-12,2024-03-13,146,3650,153,22,16381.2,yes,48,0,2024-03-13,-16381.2
1893,Customer_1893,customer1893@mail.com,stored,Maize,2023-09-08,2024-02-12,98,2450,157,21,10770.2,yes,51,124950,2024-02-12,114179.8
73,Customer_73,customer73@mail.com,stored,Barley,2023-02-13,2023-04-22,61,3050,68,24,3318.4,yes,27,0,2023-04-22,-3318.4
523,Customer_523,customer523@mail.com,storing,Barley,2023-04-07,2023-09-07,49,1225,153,36,8996.4,no,31,0,2023-09-07,-8996.4
1564,Customer_1564,customer1564@mail.com,sold,Barley,2023-01-07,2023-01-31,88,4400,24,40,2816.0,yes,27,118800,2023-01-31,115984.0
411,Customer_411,customer411@mail.com,stored,Wheat,2023-06-09,2023-08-14,129,3225,66,27,7662.6,no,43,0,2023-08-14,-7662.6
1583,Customer_1583,customer1583@mail.com,storing,Maize,2024-01-07,2024-05-05,57,1425,119,30,6783.0,no,26,0,2024-05-05,-6783.0
607,Customer_607,customer607@mail.com,stored,Wheat,2024-06-02,2024-10-25,104,5200,145,52,26138.67,yes,29,150800,2024-10-25,124661.33
893,Customer_893,customer893@mail.com,sold,Barley,2024-02-06,2024-02-20,174,4350,14,58,4709.6,yes,32,139200,2024-02-20,134490.4
780,Customer_780,customer780@mail.com,stored,Rice,2023-10-06,2023-12-07,51,2550,62,33,3478.2,partial,29,73950,2023-12-07,70471.8
290,Customer_290,customer290@mail.com,storing,Sorghum,2023-08-11,2023-08-29,114,2850,18,58,3967.2,yes,48,136800,2023-08-29,132832.8
435,Customer_435,customer435@mail.com,storing,Wheat,2024-06-28,2024-09-07,30,1500,71,25,1775.0,yes,37,55500,2024-09-07,53725.0
275,Customer_275,customer275@mail.com,storing,Wheat,2023-05-13,2023-10-18,173,8650,158,40,36445.33,no,35,0,2023-10-18,-36445.33
1815,Customer_1815,customer1815@mail.com,stored,Maize,2024-05-20,2024-07-14,138,6900,55,28,7084.0,yes,50,345000,2024-07-14,337916.0
406,Customer_406,customer406@mail.com,sold,Millet,2024-08-23,2024-11-15,170,8500,84,40,19040.0,no,40,340000,2024-11-15,320960.0
356,Customer_356,customer356@mail.com,sold,Rice,2023-10-03,2024-01-22,125,3125,111,58,26825.0,yes,51,0,2024-01-22,-26825.0
103,Customer_103,customer103@mail.com,sold,Rice,2024-06-12,2024-11-25,61,1525,166,50,16876.67,yes,47,0,2024-11-25,-16876.67
1701,Customer_1701,customer1701@mail.com,stored,Maize,2023-10-30,2024-03-18,59,1475,140,25,6883.33,no,43,63425,2024-03-18,56541.67
1277,Customer_1277,customer1277@mail.com,storing,Wheat,2023-09-08,2024-02-22,102,2550,167,35,19873.0,no,40,0,2024-02-22,-19873.0
871,Customer_871,customer871@mail.com,storing,Sorghum,2023-05-02,2023-07-16,71,1775,75,29,5147.5,no,28,49700,2023-07-16,44552.5
1092,Customer_1092,customer1092@mail.com,stored,Millet,2024-04-16,2024-09-05,49,2450,142,58,13452.13,partial,51,124950,2024-09-05,111497.87
91,Customer_91,customer91@mail.com,sold,Millet,2023-04-11,2023-07-29,85,2125,109,33,10191.5,partial,25,0,2023-07-29,-10191.5
641,Customer_641,customer641@mail.com,stored,Sorghum,2023-04-25,2023-10-05,36,900,163,59,11540.4,no,30,0,2023-10-05,-11540.4
784,Customer_784,customer784@mail.com,stored,Millet,2023-06-07,2023-08-22,189,4725,76,53,25376.4,yes,27,127575,2023-08-22,102198.6
1888,Customer_1888,customer1888@mail.com,storing,Maize,2024-07-04,2024-08-04,97,4850,31,42,4209.8,yes,37,0,2024-08-04,-4209.8
1837,Customer_1837,customer1837@mail.com,sold,Rice,2023-06-18,2023-10-14,114,2850,118,39,17487.6,partial,42,0,2023-10-14,-17487.6
73,Customer_73,customer73@mail.com,storing,Maize,2023-02-15,2023-06-27,111,5550,132,34,16605.6,partial,40,222000,2023-06-27,205394.4
302,Customer_302,customer302@mail.com,storing,Barley,2023-03-11,2023-07-22,134,6700,133,47,27921.13,yes,40,268000,2023-07-22,240078.87
1942,Customer_1942,customer1942@mail.com,storing,Sorghum,2023-01-30,2023-04-03,59,1475,63,46,5699.4,partial,30,0,2023-04-03,-5699.4
625,Customer_625,customer625@mail.com,storing,Maize,2023-06-19,2023-09-27,104,2600,100,31,10746.67,partial,47,0,2023-09-27,-10746.67
91,Customer_91,customer91@mail.com,sold,Rice,2023-07-17,2023-10-07,108,5400,82,46,13579.2,partial,52,280800,2023-10-07,267220.8
930,Customer_930,customer930@mail.com,sold,Rice,2023-01-21,2023-02-24,131,3275,34,26,3860.13,no,51,0,2023-02-24,-3860.13
624,Customer_624,customer624@mail.com,sold,Rice,2023-10-01,2023-11-11,31,775,41,20,847.33,partial,51,0,2023-11-11,-847.33
1628,Customer_1628,customer1628@mail.com,sold,Rice,2024-06-22,2024-10-16,44,1100,116,29,4933.87,yes,45,0,2024-10-16,-4933.87
1970,Customer_1970,customer1970@mail.com,stored,Millet,2024-01-06,2024-02-29,138,3450,54,37,9190.8,yes,25,0,2024-02-29,-9190.8
646,Customer_646,customer646@mail.com,sold,Rice,2023-05-20,2023-06-19,190,9500,30,43,8170.0,no,46,437000,2023-06-19,428830.0
772,Customer_772,customer772@mail.com,sold,Sorghum,2023-03-17,2023-06-11,18,900,86,29,1496.4,yes,32,0,2023-06-11,-1496.4
784,Customer_784,customer784@mail.com,stored,Barley,2023-04-22,2023-06-16,58,2900,55,27,2871.0,partial,43,0,2023-06-16,-2871.0
518,Customer_518,customer518@mail.com,sold,Sorghum,2023-10-05,2023-12-08,170,8500,64,53,19221.33,yes,49,0,2023-12-08,-19221.33
904,Customer_904,customer904@mail.com,storing,Rice,2023-01-11,2023-04-25,116,2900,104,30,12064.0,partial,41,118900,2023-04-25,106836.0
288,Customer_288,customer288@mail.com,storing,Sorghum,2024-06-18,2024-12-07,33,1650,172,39,7378.8,partial,37,0,2024-12-07,-7378.8
957,Customer_957,customer957@mail.com,stored,Rice,2024-06-08,2024-07-25,186,4650,47,29,8450.6,partial,43,199950,2024-07-25,191499.4
272,Customer_272,customer272@mail.com,stored,Rice,2024-01-25,2024-04-03,91,2275,69,24,5023.2,no,49,111475,2024-04-03,106451.8
626,Customer_626,customer626@mail.com,storing,Rice,2023-11-09,2024-04-06,166,4150,149,21,17313.8,partial,39,0,2024-04-06,-17313.8
1929,Customer_1929,customer1929@mail.com,sold,Wheat,2023-06-18,2023-08-19,131,3275,62,60,16244.0,yes,35,114625,2023-08-19,98381.0
1564,Customer_1564,customer1564@mail.com,sold,Maize,2024-08-06,2024-09-06,191,4775,31,51,10065.7,no,40,191000,2024-09-06,180934.3
1052,Customer_1052,customer1052@mail.com,stored,Sorghum,2024-04-01,2024-07-25,180,9000,115,47,32430.0,yes,32,288000,2024-07-25,255570.0
1276,Customer_1276,customer1276@mail.com,sold,Sorghum,2024-05-31,2024-10-23,13,325,145,41,2576.17,yes,34,11050,2024-10-23,8473.83
1580,Customer_1580,customer1580@mail.com,storing,Wheat,2023-04-08,2023-07-25,134,3350,108,24,11577.6,yes,36,120600,2023-07-25,109022.4
1930,Customer_1930,customer1930@mail.com,stored,Barley,2023-08-23,2023-10-16,66,3300,54,25,2970.0,no,30,0,2023-10-16,-2970.0
567,Customer_567,customer567@mail.com,sold,Sorghum,2023-02-27,2023-06-05,121,6050,98,60,23716.0,yes,52,0,2023-06-05,-23716.0
186,Customer_186,customer186@mail.com,stored,Wheat,2023-04-04,2023-07-08,32,800,95,45,4560.0,partial,50,40000,2023-07-08,35440.0
83,Customer_83,customer83@mail.com,sold,Millet,2024-01-29,2024-02-16,199,4975,18,44,5253.6,partial,40,0,2024-02-16,-5253.6
1312,Customer_1312,customer1312@mail.com,storing,Rice,2024-01-22,2024-06-07,154,7700,137,44,30943.73,yes,44,338800,2024-06-07,307856.27
316,Customer_316,customer316@mail.com,stored,Barley,2023-02-26,2023-08-17,160,4000,172,35,32106.67,yes,36,0,2023-08-17,-32106.67
600,Customer_600,customer600@mail.com,storing,Rice,2023-03-23,2023-06-15,159,7950,84,53,23595.6,yes,47,373650,2023-06-15,350054.4
1641,Customer_1641,customer1641@mail.com,stored,Millet,2023-11-22,2023-12-23,46,2300,31,45,2139.0,yes,33,0,2023-12-23,-2139.0
1970,Customer_1970,customer1970@mail.com,sold,Millet,2023-07-31,2023-12-01,158,3950,123,36,23320.8,no,34,0,2023-12-01,-23320.8
1447,Customer_1447,customer1447@mail.com,stored,Wheat,2024-06-26,2024-08-02,88,2200,37,59,6403.47,partial,45,0,2024-08-02,-6403.47
1165,Customer_1165,customer1165@mail.com,storing,Barley,2023-08-20,2024-01-21,84,2100,154,41,17679.2,partial,51,107100,2024-01-21,89420.8
191,Customer_191,customer191@mail.com,sold,Wheat,2023-10-16,2024-03-28,115,5750,164,34,21374.67,no,37,0,2024-03-28,-21374.67
819,Customer_819,customer819@mail.com,storing,Barley,2024-04-14,2024-06-06,111,2775,53,56,10981.6,no,44,122100,2024-06-06,111118.4
1550,Customer_1550,customer1550@mail.com,stored,Rice,2023-08-27,2023-10-06,33,825,40,46,2024.0,yes,54,44550,2023-10-06,42526.0
896,Customer_896,customer896@mail.com,sold,Millet,2023-04-14,2023-04-26,42,2100,12,35,588.0,no,25,52500,2023-04-26,51912.0
954,Customer_954,customer954@mail.com,sold,Sorghum,2023-04-16,2023-10-02,200,10000,169,28,31546.67,partial,37,0,2023-10-02,-31546.67
1533,Customer_1533,customer1533@mail.com,sold,Barley,2023-06-29,2023-07-13,63,3150,14,37,1087.8,no,31,0,2023-07-13,-1087.8
302,Customer_302,customer302@mail.com,sold,Rice,2023-07-10,2023-09-11,59,2950,63,38,4708.2,yes,39,115050,2023-09-11,110341.8
1369,Customer_1369,customer1369@mail.com,sold,Barley,2023-09-29,2023-12-07,189,9450,69,21,9128.7,yes,51,481950,2023-12-07,472821.3
284,Customer_284,customer284@mail.com,storing,Barley,2023-11-02,2024-02-03,108,2700,93,21,7030.8,yes,51,0,2024-02-03,-7030.8
99,Customer_99,customer99@mail.com,stored,Rice,2023-04-20,2023-09-27,121,6050,160,46,29685.33,partial,43,0,2023-09-27,-29685.33
1963,Customer_1963,customer1963@mail.com,storing,Rice,2024-07-22,2024-11-11,88,4400,112,25,8213.33,partial,42,184800,2024-11-11,176586.67
160,Customer_160,customer160@mail.com,stored,Rice,2023-12-09,2024-01-30,98,2450,52,23,3906.93,partial,51,0,2024-01-30,-3906.93
281,Customer_281,customer281@mail.com,sold,Maize,2024-07-03,2024-10-22,185,9250,111,32,21904.0,no,25,0,2024-10-22,-21904.0
1636,Customer_1636,customer1636@mail.com,stored,Rice,2023-10-13,2023-11-15,192,9600,33,35,7392.0,partial,41,0,2023-11-15,-7392.0
961,Customer_961,customer961@mail.com,storing,Wheat,2023-01-05,2023-01-28,179,4475,23,31,4254.23,no,54,0,2023-01-28,-4254.23
1599,Customer_1599,customer1599@mail.com,stored,Millet,2023-04-02,2023-06-08,149,7450,67,26,8651.93,partial,33,0,2023-06-08,-8651.93
1713,Customer_1713,customer1713@mail.com,storing,Wheat,2023-08-27,2023-09-26,130,3250,30,26,3380.0,no,45,146250,2023-09-26,142870.0
628,Customer_628,customer628@mail.com,storing,Maize,2024-04-17,2024-06-08,105,5250,52,43,7826.0,partial,36,189000,2024-06-08,181174.0
1041,Customer_1041,customer1041@mail.com,storing,Sorghum,2023-01-09,2023-03-28,43,1075,78,40,4472.0,yes,49,52675,2023-03-28,48203.0
844,Customer_844,customer844@mail.com,storing,Wheat,2023-03-20,2023-06-28,87,2175,100,57,16530.0,partial,46,0,2023-06-28,-16530.0
793,Customer_793,customer793@mail.com,storing,Rice,2023-01-11,2023-05-21,77,1925,130,37,12345.67,no,42,80850,2023-05-21,68504.33
755,Customer_755,customer755@mail.com,storing,Maize,2023-05-02,2023-10-24,111,5550,175,37,23957.5,yes,41,0,2023-10-24,-23957.5
557,Customer_557,customer557@mail.com,sold,Maize,2023-04-04,2023-09-13,45,1125,162,26,6318.0,yes,36,40500,2023-09-13,34182.0
169,Customer_169,customer169@mail.com,stored,Sorghum,2023-01-14,2023-05-02,20,500,108,20,1440.0,no,27,0,2023-05-02,-1440.0
397,Customer_397,customer397@mail.com,storing,Wheat,2024-06-06,2024-09-09,108,2700,95,35,11970.0,partial,38,0,2024-09-09,-11970.0
775,Customer_775,customer775@mail.com,storing,Barley,2023-05-04,2023-06-04,141,7050,31,39,5682.3,partial,40,282000,2023-06-04,276317.7
1522,Customer_1522,customer1522@mail.com,stored,Maize,2023-12-28,2024-03-15,131,6550,78,52,17711.2,yes,28,0,2024-03-15,-17711.2
333,Customer_333,customer333@mail.com,storing,Sorghum,2024-02-27,2024-05-21,127,6350,84,56,19913.6,yes,51,323850,2024-05-21,303936.4
783,Customer_783,customer783@mail.com,stored,Sorghum,2024-03-23,2024-05-15,133,3325,53,33,7753.9,no,26,0,2024-05-15,-7753.9
106,Customer_106,customer106@mail.com,storing,Barley,2023-09-21,2023-10-16,198,9900,25,52,8580.0,partial,33,0,2023-10-16,-8580.0
158,Customer_158,customer158@mail.com,stored,Maize,2023-09-10,2023-12-15,94,4700,96,44,13235.2,no,54,0,2023-12-15,-13235.2
1776,Customer_1776,customer1776@mail.com,stored,Millet,2023-06-08,2023-08-26,192,9600,79,42,21235.2,no,43,412800,2023-08-26,391564.8
1944,Customer_1944,customer1944@mail.com,storing,Maize,2023-05-16,2023-10-09,112,2800,146,54,29433.6,yes,34,95200,2023-10-09,65766.4
1335,Customer_1335,customer1335@mail.com,sold,Millet,2023-08-20,2024-02-13,99,2475,177,47,27452.7,no,42,103950,2024-02-13,76497.3
976,Customer_976,customer976@mail.com,sold,Maize,2023-09-30,2023-11-27,75,3750,58,43,6235.0,no,54,0,2023-11-27,-6235.0
988,Customer_988,customer988@mail.com,stored,Sorghum,2024-04-10,2024-05-24,121,6050,44,32,5678.93,partial,47,0,2024-05-24,-5678.93
678,Customer_678,customer678@mail.com,stored,Maize,2024-08-16,2024-10-21,107,5350,66,26,6120.4,no,37,197950,2024-10-21,191829.6
193,Customer_193,customer193@mail.com,storing,Sorghum,2023-02-13,2023-05-28,103,5150,104,58,20709.87,partial,54,0,2023-05-28,-20709.87
1810,Customer_1810,customer1810@mail.com,storing,Rice,2023-09-22,2023-10-14,118,5900,22,54,4672.8,yes,35,0,2023-10-14,-4672.8
1374,Customer_1374,customer1374@mail.com,storing,Maize,2024-07-27,2024-10-23,119,2975,88,39,13613.6,no,31,0,2024-10-23,-13613.6
414,Customer_414,customer414@mail.com,storing,Sorghum,2023-04-24,2023-10-18,187,9350,177,31,34202.3,no,36,0,2023-10-18,-34202.3
943,Customer_943,customer943@mail.com,stored,Maize,2024-01-05,2024-05-16,54,2700,132,48,11404.8,partial,25,67500,2024-05-16,56095.2
506,Customer_506,customer506@mail.com,sold,Barley,2024-05-12,2024-10-02,21,1050,143,52,5205.2,no,55,57750,2024-10-02,52544.8
360,Customer_360,customer360@mail.com,sold,Wheat,2023-01-16,2023-06-14,25,625,149,40,4966.67,yes,47,29375,2023-06-14,24408.33
1985,Customer_1985,customer1985@mail.com,sold,Rice,2023-12-29,2024-06-09,142,7100,163,36,27775.2,yes,29,0,2024-06-09,-27775.2
240,Customer_240,customer240@mail.com,sold,Millet,2023-07-26,2023-10-22,96,4800,88,54,15206.4,no,54,259200,2023-10-22,243993.6
618,Customer_618,customer618@mail.com,stored,Wheat,2023-08-22,2023-10-20,39,975,59,58,4448.6,yes,27,26325,2023-10-20,21876.4
349,Customer_349,customer349@mail.com,storing,Barley,2023-01-13,2023-04-09,15,750,86,20,860.0,no,53,0,2023-04-09,-860.0
166,Customer_166,customer166@mail.com,stored,Millet,2023-05-26,2023-06-08,88,2200,13,22,838.93,no,35,77000,2023-06-08,76161.07
1450,Customer_1450,customer1450@mail.com,sold,Barley,2024-02-18,2024-07-31,145,7250,164,56,44389.33,no,54,0,2024-07-31,-44389.33
850,Customer_850,customer850@mail.com,sold,Barley,2023-06-05,2023-11-22,98,4900,170,45,24990.0,no,28,0,2023-11-22,-24990.0
1642,Customer_1642,customer1642@mail.com,stored,Millet,2023-02-23,2023-07-03,74,3700,130,48,15392.0,yes,54,0,2023-07-03,-15392.0
1209,Customer_1209,customer1209@mail.com,storing,Millet,2023-05-16,2023-10-27,60,1500,164,59,19352.0,yes,44,0,2023-10-27,-19352.0
288,Customer_288,customer288@mail.com,storing,Sorghum,2023-09-16,2023-11-21,127,3175,66,46,12852.4,partial,36,0,2023-11-21,-12852.4
620,Customer_620,customer620@mail.com,storing,Wheat,2024-02-27,2024-06-15,20,500,109,42,3052.0,partial,49,24500,2024-06-15,21448.0
533,Customer_533,customer533@mail.com,storing,Wheat,2023-11-08,2024-03-01,18,450,114,38,2599.2,no,35,15750,2024-03-01,13150.8
110,Customer_110,customer110@mail.com,stored,Wheat,2023-05-19,2023-08-07,165,4125,80,31,13640.0,yes,48,0,2023-08-07,-13640.0
1822,Customer_1822,customer1822@mail.com,sold,Barley,2023-06-27,2023-09-17,66,1650,82,56,10102.4,yes,36,59400,2023-09-17,49297.6
285,Customer_285,customer285@mail.com,stored,Rice,2024-03-06,2024-05-01,189,4725,56,36,12700.8,partial,49,0,2024-05-01,-12700.8
409,Customer_409,customer409@mail.com,sold,Millet,2024-03-27,2024-08-24,160,8000,150,35,28000.0,no,38,304000,2024-08-24,276000.0
1108,Customer_1108,customer1108@mail.com,sold,Millet,2023-03-11,2023-05-24,46,2300,74,43,4879.07,no,35,0,2023-05-24,-4879.07
709,Customer_709,customer709@mail.com,sold,Sorghum,2023-10-01,2023-12-26,87,2175,86,42,10474.8,yes,25,54375,2023-12-26,43900.2
169,Customer_169,customer169@mail.com,stored,Sorghum,2024-05-24,2024-06-25,108,5400,32,38,4377.6,no,28,151200,2024-06-25,146822.4
1533,Customer_1533,customer1533@mail.com,storing,Millet,2023-10-24,2023-11-05,114,5700,12,20,912.0,yes,47,0,2023-11-05,-912.0
1284,Customer_1284,customer1284@mail.com,stored,Wheat,2023-09-28,2024-01-11,179,8950,105,55,34457.5,partial,28,0,2024-01-11,-34457.5
1981,Customer_1981,customer1981@mail.com,sold,Rice,2023-03-08,2023-07-04,83,4150,118,56,18282.13,no,46,0,2023-07-04,-18282.13
117,Customer_117,customer117@mail.com,stored,Millet,2023-09-24,2024-01-13,96,4800,111,58,20601.6,no,35,168000,2024-01-13,147398.4
117,Customer_117,customer117@mail.com,storing,Millet,2024-04-16,2024-04-26,148,3700,10,20,986.67,partial,37,136900,2024-04-26,135913.33
846,Customer_846,customer846@mail.com,sold,Millet,2023-05-18,2023-11-12,87,4350,178,28,14453.6,no,36,156600,2023-11-12,142146.4
670,Customer_670,customer670@mail.com,storing,Maize,2024-06-13,2024-11-05,36,1800,145,47,8178.0,yes,40,0,2024-11-05,-8178.0
121,Customer_121,customer121@mail.com,sold,Rice,2023-05-19,2023-06-25,116,5800,37,22,3147.47,partial,51,0,2023-06-25,-3147.47
835,Customer_835,customer835@mail.com,sold,Wheat,2023-08-30,2024-02-19,82,4100,173,58,27426.27,partial,39,0,2024-02-19,-27426.27
1391,Customer_1391,customer1391@mail.com,sold,Barley,2024-04-15,2024-04-28,155,3875,13,21,1410.5,yes,32,124000,2024-04-28,122589.5
51,Customer_51,customer51@mail.com,stored,Barley,2023-01-14,2023-03-08,52,1300,53,26,2388.53,yes,51,66300,2023-03-08,63911.47
827,Customer_827,customer827@mail.com,sold,Rice,2023-08-03,2023-08-25,164,4100,22,48,5772.8,partial,43,176300,2023-08-25,170527.2
138,Customer_138,customer138@mail.com,stored,Rice,2023-02-22,2023-07-09,46,1150,137,24,5041.6,no,55,63250,2023-07-09,58208.4
481,Customer_481,customer481@mail.com,sold,Rice,2024-03-24,2024-09-16,66,3300,176,25,9680.0,partial,33,108900,2024-09-16,99220.0
1669,Customer_1669,customer1669@mail.com,sold,Wheat,2023-04-20,2023-07-27,95,4750,98,30,9310.0,yes,29,0,2023-07-27,-9310.0
165,Customer_165,customer165@mail.com,stored,Rice,2023-10-13,2024-03-23,82,4100,162,52,23025.6,no,30,0,2024-03-23,-23025.6
511,Customer_511,customer511@mail.com,stored,Maize,2023-11-05,2024-04-05,192,4800,152,49,47667.2,no,45,0,2024-04-05,-47667.2
451,Customer_451,customer451@mail.com,stored,Barley,2023-07-23,2023-10-12,183,4575,81,32,15811.2,no,49,0,2023-10-12,-15811.2
872,Customer_872,customer872@mail.com,storing,Rice,2023-08-18,2024-01-02,17,425,137,39,3027.7,no,55,23375,2024-01-02,20347.3
1808,Customer_1808,customer1808@mail.com,storing,Maize,2023-09-05,2024-02-25,109,2725,173,54,33942.6,partial,26,0,2024-02-25,-33942.6
1268,Customer_1268,customer1268@mail.com,storing,Rice,2023-02-20,2023-05-07,32,800,76,35,2837.33,partial,43,0,2023-05-07,-2837.33
240,Customer_240,customer240@mail.com,stored,Maize,2023-07-25,2024-01-16,89,4450,175,20,10383.33,no,41,0,2024-01-16,-10383.33
255,Customer_255,customer255@mail.com,sold,Millet,2023-01-23,2023-04-21,198,4950,88,44,25555.2,partial,38,188100,2023-04-21,162544.8
1659,Customer_1659,customer1659@mail.com,storing,Barley,2023-01-06,2023-01-26,100,5000,20,49,3266.67,partial,43,0,2023-01-26,-3266.67
84,Customer_84,customer84@mail.com,sold,Wheat,2024-02-04,2024-05-30,73,1825,116,54,15242.4,no,44,80300,2024-05-30,65057.6
1221,Customer_1221,customer1221@mail.com,sold,Wheat,2023-12-01,2024-05-25,142,7100,176,52,43319.47,yes,30,213000,2024-05-25,169680.53
781,Customer_781,customer781@mail.com,stored,Sorghum,2024-01-18,2024-05-26,28,700,129,47,5658.8,partial,28,19600,2024-05-26,13941.2
1719,Customer_1719,customer1719@mail.com,stored,Wheat,2023-11-30,2024-05-01,59,1475,153,60,18054.0,no,53,78175,2024-05-01,60121.0
733,Customer_733,customer733@mail.com,storing,Barley,2023-04-29,2023-08-26,20,500,119,45,3570.0,no,34,17000,2023-08-26,13430.0
1292,Customer_1292,customer1292@mail.com,storing,Sorghum,2024-01-22,2024-04-26,39,975,95,55,6792.5,partial,25,24375,2024-04-26,17582.5
761,Customer_761,customer761@mail.com,sold,Millet,2024-01-02,2024-05-21,147,7350,140,39,26754.0,partial,52,0,2024-05-21,-26754.0
40,Customer_40,customer40@mail.com,storing,Millet,2023-05-31,2023-07-03,22,1100,33,23,556.6,no,34,0,2023-07-03,-556.6
146,Customer_146,customer146@mail.com,sold,Wheat,2023-05-25,2023-08-06,109,5450,73,26,6896.07,partial,41,223450,2023-08-06,216553.93
101,Customer_101,customer101@mail.com,storing,Millet,2024-06-23,2024-12-18,191,9550,178,51,57796.6,no,39,372450,2024-12-18,314653.4
730,Customer_730,customer730@mail.com,stored,Sorghum,2024-06-11,2024-10-11,152,7600,122,53,32761.07,yes,25,190000,2024-10-11,157238.93
603,Customer_603,customer603@mail.com,storing,Barley,2023-06-22,2023-09-03,80,2000,73,37,7202.67,no,38,0,2023-09-03,-7202.67
1678,Customer_1678,customer1678@mail.com,sold,Millet,2023-01-01,2023-05-21,18,450,140,35,2940.0,no,25,0,2023-05-21,-2940.0
178,Customer_178,customer178@mail.com,stored,Barley,2023-06-18,2023-08-06,178,8900,49,49,14245.93,no,26,0,2023-08-06,-14245.93
455,Customer_455,customer455@mail.com,storing,Barley,2023-03-10,2023-08-19,186,4650,162,43,43189.2,no,38,176700,2023-08-19,133510.8
896,Customer_896,customer896@mail.com,sold,Maize,2023-09-26,2023-10-25,134,3350,29,42,5440.4,partial,49,164150,2023-10-25,158709.6
347,Customer_347,customer347@mail.com,stored,Sorghum,2024-02-23,2024-05-18,69,3450,85,54,10557.0,partial,34,0,2024-05-18,-10557.0
1329,Customer_1329,customer1329@mail.com,sold,Maize,2023-03-18,2023-06-24,73,1825,98,40,9538.67,yes,25,0,2023-06-24,-9538.67
314,Customer_314,customer314@mail.com,stored,Sorghum,2023-10-09,2024-02-04,18,450,118,34,2407.2,yes,51,22950,2024-02-04,20542.8
540,Customer_540,customer540@mail.com,sold,Millet,2023-06-20,2023-07-16,122,6100,26,49,5180.93,yes,51,311100,2023-07-16,305919.07
1357,Customer_1357,customer1357@mail.com,storing,Sorghum,2024-08-16,2025-02-01,81,4050,169,23,10494.9,no,25,101250,2025-02-01,90755.1
1854,Customer_1854,customer1854@mail.com,stored,Rice,2023-01-03,2023-06-05,176,8800,153,23,20644.8,yes,41,0,2023-06-05,-20644.8
564,Customer_564,customer564@mail.com,sold,Sorghum,2024-05-17,2024-09-14,90,2250,120,33,11880.0,no,53,119250,2024-09-14,107370.0
1250,Customer_1250,customer1250@mail.com,sold,Rice,2023-11-14,2024-03-12,44,1100,119,27,4712.4,no,29,0,2024-03-12,-4712.4
219,Customer_219,customer219@mail.com,stored,Rice,2023-05-06,2023-06-18,21,525,43,59,1775.9,no,47,0,2023-06-18,-1775.9
426,Customer_426,customer426@mail.com,stored,Barley,2023-11-21,2024-05-01,186,9300,162,32,32140.8,partial,37,0,2024-05-01,-32140.8
886,Customer_886,customer886@mail.com,sold,Maize,2023-06-06,2023-08-16,161,8050,71,37,14098.23,no,35,281750,2023-08-16,267651.77
1076,Customer_1076,customer1076@mail.com,storing,Sorghum,2024-06-06,2024-07-23,102,2550,47,43,6871.4,yes,44,112200,2024-07-23,105328.6
496,Customer_496,customer496@mail.com,sold,Wheat,2023-10-31,2024-02-24,22,1100,116,59,5018.93,no,54,0,2024-02-24,-5018.93
1885,Customer_1885,customer1885@mail.com,stored,Sorghum,2023-07-11,2023-11-30,66,3300,142,27,8434.8,yes,47,0,2023-11-30,-8434.8
1447,Customer_1447,customer1447@mail.com,storing,Sorghum,2023-08-03,2024-01-09,43,1075,159,47,10711.3,yes,53,56975,2024-01-09,46263.7
1057,Customer_1057,customer1057@mail.com,stored,Millet,2024-04-26,2024-06-02,43,1075,37,44,2333.47,yes,45,48375,2024-06-02,46041.53
29,Customer_29,customer29@mail.com,stored,Barley,2023-11-25,2024-03-21,79,3950,117,37,11399.7,no,47,0,2024-03-21,-11399.7
341,Customer_341,customer341@mail.com,sold,Maize,2023-04-24,2023-07-18,22,550,85,55,3428.33,partial,46,25300,2023-07-18,21871.67
1259,Customer_1259,customer1259@mail.com,storing,Rice,2023-08-16,2024-02-09,37,1850,177,45,9823.5,no,41,75850,2024-02-09,66026.5
1414,Customer_1414,customer1414@mail.com,sold,Maize,2023-07-21,2023-11-13,127,6350,115,23,11197.17,partial,29,184150,2023-11-13,172952.83
756,Customer_756,customer756@mail.com,sold,Wheat,2024-06-05,2024-08-05,71,1775,61,28,4042.27,no,49,0,2024-08-05,-4042.27
1711,Customer_1711,customer1711@mail.com,storing,Millet,2024-06-17,2024-10-10,33,1650,115,43,5439.5,no,52,85800,2024-10-10,80360.5
97,Customer_97,customer97@mail.com,sold,Millet,2023-09-01,2023-11-12,30,750,72,57,4104.0,no,41,30750,2023-11-12,26646.0
854,Customer_854,customer854@mail.com,storing,Wheat,2024-02-19,2024-03-23,42,2100,33,39,1801.8,yes,36,75600,2024-03-23,73798.2
1478,Customer_1478,customer1478@mail.com,sold,Wheat,2023-04-11,2023-06-25,198,9900,75,39,19305.0,no,54,534600,2023-06-25,515295.0
1927,Customer_1927,customer1927@mail.com,stored,Millet,2024-05-20,2024-08-20,152,7600,92,28,13051.73,partial,43,326800,2024-08-20,313748.27
1790,Customer_1790,customer1790@mail.com,stored,Rice,2024-01-03,2024-03-24,34,850,81,58,5324.4,no,44,37400,2024-03-24,32075.6
854,Customer_854,customer854@mail.com,stored,Barley,2023-05-28,2023-08-11,29,1450,75,46,3335.0,yes,27,0,2023-08-11,-3335.0
1347,Customer_1347,customer1347@mail.com,sold,Maize,2023-05-30,2023-09-27,50,2500,120,46,9200.0,yes,31,77500,2023-09-27,68300.0
807,Customer_807,customer807@mail.com,storing,Rice,2024-02-06,2024-02-16,107,2675,10,40,1426.67,partial,45,120375,2024-02-16,118948.33
635,Customer_635,customer635@mail.com,storing,Sorghum,2024-05-03,2024-07-10,166,8300,68,40,15050.67,partial,53,439900,2024-07-10,424849.33
1872,Customer_1872,customer1872@mail.com,sold,Sorghum,2024-02-12,2024-05-16,91,2275,94,46,13116.13,yes,32,72800,2024-05-16,59683.87
1653,Customer_1653,customer1653@mail.com,sold,Wheat,2023-11-13,2023-12-28,152,3800,45,56,12768.0,partial,40,0,2023-12-28,-12768.0
786,Customer_786,customer786@mail.com,stored,Rice,2024-06-16,2024-11-05,191,9550,142,41,37066.73,yes,38,0,2024-11-05,-37066.73
466,Customer_466,customer466@mail.com,stored,Sorghum,2024-07-28,2024-08-25,131,3275,28,42,5135.2,no,28,0,2024-08-25,-5135.2
1229,Customer_1229,customer1229@mail.com,stored,Barley,2024-05-26,2024-08-05,181,9050,71,24,10280.8,no,43,389150,2024-08-05,378869.2
80,Customer_80,customer80@mail.com,stored,Rice,2023-05-14,2023-06-13,91,2275,30,29,2639.0,yes,50,0,2023-06-13,-2639.0
145,Customer_145,customer145@mail.com,stored,Wheat,2024-08-11,2024-12-27,197,9850,138,41,37154.2,partial,54,531900,2024-12-27,494745.8
1456,Customer_1456,customer1456@mail.com,storing,Wheat,2024-02-10,2024-05-04,199,9950,84,25,13930.0,no,47,467650,2024-05-04,453720.0
735,Customer_735,customer735@mail.com,storing,Rice,2024-06-20,2024-08-14,78,1950,55,23,3289.0,partial,45,87750,2024-08-14,84461.0
1073,Customer_1073,customer1073@mail.com,storing,Sorghum,2024-02-26,2024-04-07,104,2600,41,22,3126.93,yes,44,114400,2024-04-07,111273.07
1810,Customer_1810,customer1810@mail.com,sold,Sorghum,2023-05-03,2023-07-24,196,9800,82,29,15536.27,yes,48,470400,2023-07-24,454863.73
1628,Customer_1628,customer1628@mail.com,storing,Wheat,2024-04-07,2024-05-28,36,1800,51,48,2937.6,partial,36,0,2024-05-28,-2937.6
1679,Customer_1679,customer1679@mail.com,stored,Barley,2023-08-08,2023-12-06,141,7050,120,24,13536.0,no,28,0,2023-12-06,-13536.0
1961,Customer_1961,customer1961@mail.com,stored,Millet,2024-07-30,2024-11-14,178,4450,107,34,21585.47,yes,41,0,2024-11-14,-21585.47
1797,Customer_1797,customer1797@mail.com,stored,Maize,2024-08-21,2024-10-26,174,8700,66,56,21436.8,no,47,0,2024-10-26,-21436.8
1509,Customer_1509,customer1509@mail.com,sold,Rice,2023-11-03,2024-04-08,63,3150,157,54,17803.8,no,41,0,2024-04-08,-17803.8
239,Customer_239,customer239@mail.com,sold,Sorghum,2023-04-29,2023-10-24,121,3025,178,33,23691.8,yes,48,145200,2023-10-24,121508.2
1002,Customer_1002,customer1002@mail.com,stored,Wheat,2023-12-16,2024-05-22,106,5300,158,54,30146.4,yes,45,0,2024-05-22,-30146.4
1535,Customer_1535,customer1535@mail.com,stored,Maize,2023-03-30,2023-05-09,149,7450,40,53,10529.33,no,34,253300,2023-05-09,242770.67
568,Customer_568,customer568@mail.com,storing,Millet,2023-08-09,2024-02-01,119,2975,176,29,20245.87,yes,29,0,2024-02-01,-20245.87
735,Customer_735,customer735@mail.com,storing,Rice,2023-04-19,2023-07-27,59,2950,99,29,5646.3,no,31,91450,2023-07-27,85803.7
1854,Customer_1854,customer1854@mail.com,stored,Maize,2024-05-17,2024-10-29,110,5500,165,41,24805.0,yes,52,286000,2024-10-29,261195.0
188,Customer_188,customer188@mail.com,stored,Maize,2023-12-30,2024-05-06,21,1050,128,28,2508.8,no,35,0,2024-05-06,-2508.8
1600,Customer_1600,customer1600@mail.com,storing,Wheat,2023-01-29,2023-03-15,160,4000,45,38,9120.0,yes,30,120000,2023-03-15,110880.0
1865,Customer_1865,customer1865@mail.com,sold,Rice,2023-12-02,2024-01-05,50,1250,34,27,1530.0,no,52,65000,2024-01-05,63470.0
987,Customer_987,customer987@mail.com,stored,Millet,2024-01-11,2024-05-05,20,1000,115,54,4140.0,yes,29,0,2024-05-05,-4140.0
1820,Customer_1820,customer1820@mail.com,stored,Wheat,2023-02-24,2023-06-11,15,375,107,37,1979.5,partial,47,17625,2023-06-11,15645.5
515,Customer_515,customer515@mail.com,sold,Sorghum,2024-05-16,2024-08-01,130,3250,77,52,17350.67,yes,45,0,2024-08-01,-17350.67
659,Customer_659,customer659@mail.com,storing,Wheat,2024-07-21,2024-08-19,154,7700,29,55,8187.67,partial,26,0,2024-08-19,-8187.67
1715,Customer_1715,customer1715@mail.com,stored,Rice,2023-06-06,2023-08-04,191,4775,59,38,14274.07,yes,42,0,2023-08-04,-14274.07
203,Customer_203,customer203@mail.com,sold,Barley,2024-04-01,2024-09-24,37,1850,176,39,8465.6,yes,31,0,2024-09-24,-8465.6
899,Customer_899,customer899@mail.com,sold,Barley,2023-12-23,2024-05-04,16,800,133,52,3688.53,yes,48,38400,2024-05-04,34711.47
1220,Customer_1220,customer1220@mail.com,storing,Wheat,2023-03-14,2023-07-11,152,7600,119,41,24720.27,no,46,349600,2023-07-11,324879.73
1067,Customer_1067,customer1067@mail.com,storing,Wheat,2023-11-21,2024-01-25,38,950,65,20,1646.67,no,32,30400,2024-01-25,28753.33
1645,Customer_1645,customer1645@mail.com,sold,Millet,2023-10-06,2024-01-03,187,4675,89,39,21635.9,no,47,0,2024-01-03,-21635.9
41,Customer_41,customer41@mail.com,sold,Wheat,2023-09-20,2024-01-14,140,3500,116,49,26525.33,partial,50,175000,2024-01-14,148474.67
1005,Customer_1005,customer1005@mail.com,stored,Sorghum,2023-05-04,2023-09-27,70,1750,146,33,11242.0,yes,47,82250,2023-09-27,71008.0
1476,Customer_1476,customer1476@mail.com,storing,Wheat,2024-01-14,2024-04-13,159,3975,90,36,17172.0,no,27,107325,2024-04-13,90153.0
184,Customer_184,customer184@mail.com,storing,Sorghum,2024-02-10,2024-05-25,64,1600,105,41,9184.0,no,45,72000,2024-05-25,62816.0
1282,Customer_1282,customer1282@mail.com,storing,Wheat,2023-02-27,2023-08-14,42,2100,168,29,6820.8,yes,32,0,2023-08-14,-6820.8
150,Customer_150,customer150@mail.com,sold,Barley,2024-06-25,2024-08-03,116,2900,39,29,4373.2,no,48,139200,2024-08-03,134826.8
1298,Customer_1298,customer1298@mail.com,stored,Maize,2024-01-22,2024-06-17,35,875,147,51,8746.5,no,33,28875,2024-06-17,20128.5
482,Customer_482,customer482@mail.com,sold,Maize,2024-03-10,2024-04-24,50,1250,45,51,3825.0,partial,45,56250,2024-04-24,52425.0
1605,Customer_1605,customer1605@mail.com,storing,Maize,2023-06-11,2023-11-06,28,700,148,27,3729.6,no,28,19600,2023-11-06,15870.4
1448,Customer_1448,customer1448@mail.com,stored,Wheat,2023-05-03,2023-10-01,25,1250,151,39,4907.5,partial,26,32500,2023-10-01,27592.5
1169,Customer_1169,customer1169@mail.com,sold,Maize,2023-12-02,2024-05-06,73,1825,156,44,16702.4,partial,28,0,2024-05-06,-16702.4
1836,Customer_1836,customer1836@mail.com,storing,Maize,2024-03-11,2024-06-14,170,8500,95,37,19918.33,partial,46,391000,2024-06-14,371081.67
1247,Customer_1247,customer1247@mail.com,storing,Millet,2024-04-08,2024-09-09,97,4850,154,35,17427.67,yes,34,0,2024-09-09,-17427.67
1896,Customer_1896,customer1896@mail.com,sold,Millet,2024-04-04,2024-08-25,26,650,143,28,3470.13,no,39,0,2024-08-25,-3470.13
1557,Customer_1557,customer1557@mail.com,sold,Millet,2023-06-21,2023-07-17,115,2875,26,52,5182.67,no,30,86250,2023-07-17,81067.33
1974,Customer_1974,customer1974@mail.com,stored,Sorghum,2023-01-05,2023-05-14,78,1950,129,27,9055.8,partial,31,60450,2023-05-14,51394.2
329,Customer_329,customer329@mail.com,storing,Rice,2024-05-16,2024-08-19,190,9500,95,53,31888.33,no,44,0,2024-08-19,-31888.33
331,Customer_331,customer331@mail.com,stored,Sorghum,2023-01-20,2023-07-15,114,5700,176,49,32771.2,yes,31,176700,2023-07-15,143928.8
766,Customer_766,customer766@mail.com,sold,Millet,2024-05-12,2024-06-21,104,5200,40,56,7765.33,yes,37,0,2024-06-21,-7765.33
1768,Customer_1768,customer1768@mail.com,storing,Millet,2023-11-14,2024-03-07,10,500,114,22,836.0,no,52,26000,2024-03-07,25164.0
1810,Customer_1810,customer1810@mail.com,stored,Barley,2024-03-13,2024-05-10,152,3800,58,25,7346.67,no,53,0,2024-05-10,-7346.67
130,Customer_130,customer130@mail.com,storing,Wheat,2023-01-13,2023-06-27,109,5450,165,28,16786.0,yes,48,0,2023-06-27,-16786.0
1584,Customer_1584,customer1584@mail.com,storing,Barley,2023-07-04,2023-11-05,35,1750,124,39,5642.0,yes,39,68250,2023-11-05,62608.0
574,Customer_574,customer574@mail.com,storing,Sorghum,2023-04-09,2023-05-04,183,4575,25,54,8235.0,no,31,0,2023-05-04,-8235.0
1747,Customer_1747,customer1747@mail.com,sold,Millet,2023-10-08,2023-12-24,142,3550,77,36,13120.8,no,26,92300,2023-12-24,79179.2
654,Customer_654,customer654@mail.com,storing,Rice,2023-03-07,2023-05-27,135,3375,81,49,17860.5,partial,45,151875,2023-05-27,134014.5
836,Customer_836,customer836@mail.com,storing,Sorghum,2024-07-21,2024-08-21,16,400,31,47,777.07,yes,37,14800,2024-08-21,14022.93
777,Customer_777,customer777@mail.com,sold,Barley,2023-02-11,2023-04-04,153,3825,52,31,8221.2,yes,26,99450,2023-04-04,91228.8
56,Customer_56,customer56@mail.com,sold,Wheat,2024-06-22,2024-09-17,50,1250,87,44,6380.0,partial,42,52500,2024-09-17,46120.0
1298,Customer_1298,customer1298@mail.com,sold,Barley,2023-05-10,2023-06-19,110,5500,40,26,3813.33,yes,38,0,2023-06-19,-3813.33
1567,Customer_1567,customer1567@mail.com,storing,Sorghum,2023-07-11,2023-10-19,96,2400,100,33,10560.0,no,26,0,2023-10-19,-10560.0
469,Customer_469,customer469@mail.com,storing,Maize,2023-04-20,2023-08-20,148,3700,122,46,27685.87,yes,29,0,2023-08-20,-27685.87
1583,Customer_1583,customer1583@mail.com,storing,Millet,2023-10-29,2024-03-12,182,9100,135,35,28665.0,yes,33,300300,2024-03-12,271635.0
1896,Customer_1896,customer1896@mail.com,sold,Maize,2023-07-05,2023-07-27,138,6900,22,24,2428.8,partial,35,241500,2023-07-27,239071.2
197,Customer_197,customer197@mail.com,stored,Millet,2023-05-12,2023-09-24,111,5550,135,46,22977.0,no,50,0,2023-09-24,-22977.0
1658,Customer_1658,customer1658@mail.com,sold,Millet,2023-07-01,2023-11-13,177,4425,135,59,46993.5,no,53,234525,2023-11-13,187531.5
1649,Customer_1649,customer1649@mail.com,sold,Millet,2023-12-26,2024-01-08,146,3650,13,36,2277.6,no,31,0,2024-01-08,-2277.6
456,Customer_456,customer456@mail.com,stored,Barley,2023-05-28,2023-07-15,177,8850,48,26,7363.2,partial,44,0,2023-07-15,-7363.2
49,Customer_49,customer49@mail.com,stored,Sorghum,2024-04-19,2024-07-27,122,6100,99,35,14091.0,no,34,0,2024-07-27,-14091.0
1086,Customer_1086,customer1086@mail.com,sold,Wheat,2023-03-19,2023-05-03,134,6700,45,23,4623.0,no,35,234500,2023-05-03,229877.0
823,Customer_823,customer823@mail.com,sold,Wheat,2024-05-17,2024-10-23,199,9950,159,21,22148.7,yes,29,0,2024-10-23,-22148.7
1232,Customer_1232,customer1232@mail.com,sold,Wheat,2023-01-17,2023-07-03,156,3900,167,48,41683.2,no,46,179400,2023-07-03,137716.8
1028,Customer_1028,customer1028@mail.com,storing,Sorghum,2023-03-11,2023-06-24,88,4400,105,42,12936.0,no,33,0,2023-06-24,-12936.0
1567,Customer_1567,customer1567@mail.com,stored,Sorghum,2024-07-13,2024-12-13,192,9600,153,36,35251.2,partial,53,508800,2024-12-13,473548.8
1460,Customer_1460,customer1460@mail.com,storing,Maize,2023-03-29,2023-04-28,169,8450,30,51,8619.0,partial,45,0,2023-04-28,-8619.0
1680,Customer_1680,customer1680@mail.com,sold,Wheat,2023-10-21,2024-02-25,39,975,127,29,4787.9,no,33,0,2024-02-25,-4787.9
1574,Customer_1574,customer1574@mail.com,sold,Rice,2023-05-27,2023-10-28,174,8700,154,36,32155.2,partial,46,400200,2023-10-28,368044.8
459,Customer_459,customer459@mail.com,stored,Rice,2023-06-16,2023-08-30,156,7800,75,60,23400.0,partial,25,195000,2023-08-30,171600.0
1839,Customer_1839,customer1839@mail.com,storing,Sorghum,2023-03-01,2023-03-21,136,6800,20,24,2176.0,yes,27,183600,2023-03-21,181424.0
698,Customer_698,customer698@mail.com,sold,Rice,2023-05-25,2023-07-01,137,3425,37,47,7941.43,yes,39,0,2023-07-01,-7941.43
500,Customer_500,customer500@mail.com,stored,Barley,2023-09-29,2023-11-05,82,2050,37,29,2932.87,yes,25,51250,2023-11-05,48317.13
236,Customer_236,customer236@mail.com,sold,Millet,2023-10-26,2023-12-08,25,625,43,21,752.5,no,55,34375,2023-12-08,33622.5
906,Customer_906,customer906@mail.com,stored,Barley,2024-03-31,2024-07-01,161,4025,92,27,13330.8,no,41,165025,2024-07-01,151694.2
1902,Customer_1902,customer1902@mail.com,storing,Wheat,2024-04-28,2024-08-02,189,9450,96,40,24192.0,no,28,264600,2024-08-02,240408.0
680,Customer_680,customer680@mail.com,stored,Wheat,2024-06-06,2024-11-20,45,1125,167,56,14028.0,partial,42,47250,2024-11-20,33222.0
1022,Customer_1022,customer1022@mail.com,stored,Rice,2024-03-09,2024-06-08,163,8150,91,27,13349.7,yes,28,228200,2024-06-08,214850.3
1821,Customer_1821,customer1821@mail.com,storing,Rice,2023-01-22,2023-03-20,88,4400,57,40,6688.0,no,39,171600,2023-03-20,164912.0
525,Customer_525,customer525@mail.com,stored,Barley,2024-08-01,2024-11-28,71,3550,119,46,12955.13,partial,55,0,2024-11-28,-12955.13
1945,Customer_1945,customer1945@mail.com,stored,Rice,2024-07-15,2024-10-07,54,2700,84,22,3326.4,no,39,105300,2024-10-07,101973.6
314,Customer_314,customer314@mail.com,stored,Sorghum,2024-06-29,2024-08-28,93,4650,60,25,4650.0,no,44,0,2024-08-28,-4650.0
428,Customer_428,customer428@mail.com,storing,Wheat,2024-06-12,2024-10-15,141,7050,125,53,31137.5,yes,53,373650,2024-10-15,342512.5
1360,Customer_1360,customer1360@mail.com,sold,Sorghum,2024-04-05,2024-05-01,172,8600,26,43,6409.87,no,38,326800,2024-05-01,320390.13
633,Customer_633,customer633@mail.com,storing,Rice,2023-12-22,2024-04-21,64,1600,121,26,6711.47,yes,28,44800,2024-04-21,38088.53
1320,Customer_1320,customer1320@mail.com,sold,Wheat,2023-05-14,2023-06-28,181,4525,45,24,6516.0,no,28,0,2023-06-28,-6516.0
141,Customer_141,customer141@mail.com,storing,Wheat,2024-04-22,2024-08-14,26,1300,114,55,5434.0,yes,42,0,2024-08-14,-5434.0
215,Customer_215,customer215@mail.com,storing,Millet,2023-04-07,2023-05-03,53,2650,26,54,2480.4,yes,48,127200,2023-05-03,124719.6
1119,Customer_1119,customer1119@mail.com,storing,Maize,2023-04-01,2023-09-22,26,650,174,43,6484.4,partial,53,0,2023-09-22,-6484.4
691,Customer_691,customer691@mail.com,sold,Millet,2023-09-16,2023-12-21,95,2375,96,54,16416.0,partial,29,68875,2023-12-21,52459.0
188,Customer_188,customer188@mail.com,storing,Millet,2024-04-08,2024-08-31,13,650,145,23,1445.17,yes,38,24700,2024-08-31,23254.83
779,Customer_779,customer779@mail.com,stored,Sorghum,2024-07-09,2025-01-01,79,3950,176,24,11123.2,yes,55,0,2025-01-01,-11123.2
1859,Customer_1859,customer1859@mail.com,stored,Wheat,2023-01-30,2023-03-18,105,2625,47,22,3619.0,yes,45,118125,2023-03-18,114506.0
1833,Customer_1833,customer1833@mail.com,stored,Wheat,2024-03-15,2024-04-14,45,1125,30,55,2475.0,yes,26,0,2024-04-14,-2475.0
1925,Customer_1925,customer1925@mail.com,sold,Wheat,2023-03-06,2023-08-14,196,4900,161,36,37867.2,partial,34,166600,2023-08-14,128732.8
1039,Customer_1039,customer1039@mail.com,storing,Sorghum,2023-03-31,2023-08-05,119,2975,127,40,20150.67,yes,32,95200,2023-08-05,75049.33
890,Customer_890,customer890@mail.com,stored,Maize,2023-06-27,2023-09-09,40,1000,74,40,3946.67,no,26,0,2023-09-09,-3946.67
306,Customer_306,customer306@mail.com,sold,Sorghum,2023-02-02,2023-02-20,35,875,18,44,924.0,partial,48,42000,2023-02-20,41076.0
363,Customer_363,customer363@mail.com,storing,Sorghum,2024-06-29,2024-11-26,156,7800,150,34,26520.0,yes,45,351000,2024-11-26,324480.0
963,Customer_963,customer963@mail.com,stored,Millet,2024-01-25,2024-04-25,145,7250,91,48,21112.0,yes,27,0,2024-04-25,-21112.0
358,Customer_358,customer358@mail.com,sold,Wheat,2023-03-12,2023-04-13,58,1450,32,28,1732.27,yes,26,0,2023-04-13,-1732.27
83,Customer_83,customer83@mail.com,sold,Sorghum,2023-03-30,2023-05-15,171,8550,46,37,9701.4,partial,32,273600,2023-05-15,263898.6
688,Customer_688,customer688@mail.com,sold,Wheat,2024-01-16,2024-04-30,146,7300,105,20,10220.0,partial,30,0,2024-04-30,-10220.0
158,Customer_158,customer158@mail.com,sold,Barley,2023-11-21,2024-01-28,198,9900,68,22,9873.6,no,51,0,2024-01-28,-9873.6
1254,Customer_1254,customer1254@mail.com,storing,Wheat,2024-01-28,2024-04-17,110,5500,80,26,7626.67,partial,50,275000,2024-04-17,267373.33
985,Customer_985,customer985@mail.com,stored,Barley,2023-12-11,2024-05-03,179,4475,144,32,27494.4,partial,30,0,2024-05-03,-27494.4
927,Customer_927,customer927@mail.com,stored,Rice,2023-05-07,2023-05-31,116,2900,24,21,1948.8,partial,49,142100,2023-05-31,140151.2
1810,Customer_1810,customer1810@mail.com,sold,Sorghum,2024-03-04,2024-04-04,83,4150,31,40,3430.67,yes,50,0,2024-04-04,-3430.67
787,Customer_787,customer787@mail.com,sold,Wheat,2023-12-25,2024-06-13,12,300,171,47,3214.8,yes,46,13800,2024-06-13,10585.2
120,Customer_120,customer120@mail.com,stored,Sorghum,2023-09-08,2023-11-13,153,3825,66,25,8415.0,no,28,107100,2023-11-13,98685.0
600,Customer_600,customer600@mail.com,storing,Rice,2023-02-04,2023-08-01,43,2150,178,48,12246.4,partial,48,103200,2023-08-01,90953.6
1749,Customer_1749,customer1749@mail.com,stored,Sorghum,2023-07-07,2023-11-08,150,7500,124,47,29140.0,partial,27,202500,2023-11-08,173360.0
1757,Customer_1757,customer1757@mail.com,sold,Sorghum,2023-02-02,2023-05-28,192,4800,115,35,25760.0,yes,44,0,2023-05-28,-25760.0
1228,Customer_1228,customer1228@mail.com,storing,Maize,2024-03-19,2024-06-27,129,6450,100,20,8600.0,partial,42,0,2024-06-27,-8600.0
30,Customer_30,customer30@mail.com,storing,Wheat,2023-03-03,2023-07-15,82,4100,134,49,17947.07,no,34,0,2023-07-15,-17947.07
601,Customer_601,customer601@mail.com,storing,Millet,2023-10-30,2023-11-27,103,5150,28,30,2884.0,yes,42,216300,2023-11-27,213416.0
1491,Customer_1491,customer1491@mail.com,sold,Wheat,2023-02-11,2023-06-17,36,900,126,49,7408.8,yes,42,0,2023-06-17,-7408.8
1853,Customer_1853,customer1853@mail.com,stored,Rice,2023-05-30,2023-11-09,142,7100,163,58,44748.93,partial,46,0,2023-11-09,-44748.93
1480,Customer_1480,customer1480@mail.com,sold,Millet,2023-11-05,2024-04-12,104,2600,159,37,20394.4,no,41,0,2024-04-12,-20394.4
1127,Customer_1127,customer1127@mail.com,sold,Maize,2023-12-17,2024-05-02,167,4175,137,56,42707.47,partial,47,196225,2024-05-02,153517.53
690,Customer_690,customer690@mail.com,storing,Wheat,2024-04-08,2024-08-03,147,7350,117,28,16052.4,no,33,0,2024-08-03,-16052.4
1131,Customer_1131,customer1131@mail.com,sold,Millet,2023-01-06,2023-01-19,27,1350,13,43,503.1,partial,47,63450,2023-01-19,62946.9
1683,Customer_1683,customer1683@mail.com,stored,Wheat,2023-06-23,2023-07-30,100,5000,37,29,3576.67,partial,50,250000,2023-07-30,246423.33
1117,Customer_1117,customer1117@mail.com,storing,Sorghum,2024-08-10,2025-01-19,64,3200,162,30,10368.0,yes,52,0,2025-01-19,-10368.0
77,Customer_77,customer77@mail.com,stored,Barley,2024-04-15,2024-09-08,157,3925,146,54,41259.6,partial,51,200175,2024-09-08,158915.4
1829,Customer_1829,customer1829@mail.com,stored,Maize,2024-05-30,2024-10-09,142,7100,132,32,19993.6,no,37,0,2024-10-09,-19993.6
466,Customer_466,customer466@mail.com,sold,Wheat,2023-02-01,2023-07-14,141,3525,163,21,16088.1,no,29,102225,2023-07-14,86136.9
750,Customer_750,customer750@mail.com,stored,Maize,2023-07-11,2023-11-24,195,9750,136,32,28288.0,yes,33,321750,2023-11-24,293462.0
271,Customer_271,customer271@mail.com,sold,Wheat,2024-03-29,2024-05-05,151,7550,37,21,3910.9,partial,41,0,2024-05-05,-3910.9
1326,Customer_1326,customer1326@mail.com,stored,Millet,2023-06-26,2023-09-12,148,7400,78,57,21933.6,yes,28,0,2023-09-12,-21933.6
1081,Customer_1081,customer1081@mail.com,stored,Barley,2023-02-28,2023-08-19,107,2675,172,28,17177.07,partial,44,0,2023-08-19,-17177.07
1207,Customer_1207,customer1207@mail.com,storing,Rice,2024-01-12,2024-06-13,16,800,153,32,2611.2,partial,54,0,2024-06-13,-2611.2
1106,Customer_1106,customer1106@mail.com,sold,Maize,2024-07-14,2024-11-10,178,8900,119,43,30360.87,yes,34,0,2024-11-10,-30360.87
1945,Customer_1945,customer1945@mail.com,storing,Wheat,2024-02-28,2024-08-12,87,4350,166,33,15886.2,partial,55,0,2024-08-12,-15886.2
1466,Customer_1466,customer1466@mail.com,storing,Sorghum,2023-11-05,2023-12-04,77,1925,29,21,1563.1,no,41,78925,2023-12-04,77361.9
1731,Customer_1731,customer1731@mail.com,sold,Wheat,2024-06-10,2024-06-20,118,5900,10,55,2163.33,yes,51,300900,2024-06-20,298736.67
1119,Customer_1119,customer1119@mail.com,stored,Barley,2023-05-31,2023-08-12,70,3500,73,47,8005.67,yes,52,0,2023-08-12,-8005.67
411,Customer_411,customer411@mail.com,sold,Rice,2023-07-29,2024-01-11,12,300,166,27,1792.8,yes,40,0,2024-01-11,-1792.8
956,Customer_956,customer956@mail.com,sold,Sorghum,2024-04-27,2024-07-04,171,4275,68,40,15504.0,no,31,0,2024-07-04,-15504.0
1215,Customer_1215,customer1215@mail.com,stored,Rice,2023-10-07,2023-11-14,150,3750,38,48,9120.0,no,26,0,2023-11-14,-9120.0
143,Customer_143,customer143@mail.com,sold,Millet,2023-03-08,2023-05-31,121,6050,84,35,11858.0,yes,40,242000,2023-05-31,230142.0
1305,Customer_1305,customer1305@mail.com,stored,Sorghum,2023-10-28,2024-01-31,27,1350,95,46,3933.0,partial,42,0,2024-01-31,-3933.0
1620,Customer_1620,customer1620@mail.com,sold,Barley,2023-09-30,2024-02-19,92,2300,142,40,17418.67,no,30,69000,2024-02-19,51581.33
1859,Customer_1859,customer1859@mail.com,sold,Rice,2023-11-02,2024-01-02,109,5450,61,46,10195.13,partial,31,168950,2024-01-02,158754.87
1433,Customer_1433,customer1433@mail.com,sold,Barley,2024-07-10,2024-10-10,69,3450,92,33,6982.8,partial,47,0,2024-10-10,-6982.8
313,Customer_313,customer313@mail.com,storing,Millet,2023-12-15,2024-04-04,85,4250,111,47,14781.5,no,46,0,2024-04-04,-14781.5
1348,Customer_1348,customer1348@mail.com,storing,Maize,2024-07-27,2024-08-06,151,7550,10,57,2869.0,partial,40,302000,2024-08-06,299131.0
1273,Customer_1273,customer1273@mail.com,storing,Sorghum,2023-02-17,2023-05-19,115,2875,91,20,6976.67,yes,30,86250,2023-05-19,79273.33
1080,Customer_1080,customer1080@mail.com,storing,Millet,2023-10-09,2024-02-12,195,4875,126,58,47502.0,no,54,0,2024-02-12,-47502.0
377,Customer_377,customer377@mail.com,stored,Wheat,2023-11-25,2024-04-08,116,2900,135,47,24534.0,partial,28,81200,2024-04-08,56666.0
278,Customer_278,customer278@mail.com,sold,Rice,2024-01-21,2024-06-15,106,5300,146,37,19087.07,partial,48,0,2024-06-15,-19087.07
1512,Customer_1512,customer1512@mail.com,sold,Barley,2024-02-21,2024-06-15,152,7600,115,53,30881.33,yes,34,258400,2024-06-15,227518.67
169,Customer_169,customer169@mail.com,stored,Barley,2024-06-06,2024-11-27,139,6950,174,53,42728.6,yes,51,0,2024-11-27,-42728.6
694,Customer_694,customer694@mail.com,sold,Barley,2024-07-29,2024-10-24,86,2150,87,24,5985.6,no,51,0,2024-10-24,-5985.6
297,Customer_297,customer297@mail.com,sold,Maize,2023-12-07,2024-04-04,159,3975,119,45,28381.5,partial,30,0,2024-04-04,-28381.5
1541,Customer_1541,customer1541@mail.com,stored,Sorghum,2024-06-12,2024-10-14,118,2950,124,40,19509.33,partial,52,0,2024-10-14,-19509.33
889,Customer_889,customer889@mail.com,storing,Barley,2023-11-30,2024-02-10,96,2400,72,24,5529.6,partial,38,0,2024-02-10,-5529.6
1905,Customer_1905,customer1905@mail.com,stored,Wheat,2023-07-10,2023-11-09,98,2450,122,33,13151.6,no,46,0,2023-11-09,-13151.6
1678,Customer_1678,customer1678@mail.com,storing,Wheat,2024-08-21,2024-12-29,33,825,130,29,4147.0,partial,53,43725,2024-12-29,39578.0
727,Customer_727,customer727@mail.com,storing,Barley,2024-05-21,2024-09-10,163,8150,112,31,18864.53,no,26,211900,2024-09-10,193035.47
1636,Customer_1636,customer1636@mail.com,stored,Millet,2023-03-30,2023-06-21,143,3575,83,30,11869.0,partial,29,103675,2023-06-21,91806.0
1437,Customer_1437,customer1437@mail.com,storing,Sorghum,2024-07-15,2024-08-22,84,2100,38,58,6171.2,yes,50,105000,2024-08-22,98828.8
1466,Customer_1466,customer1466@mail.com,storing,Maize,2023-08-13,2023-09-26,39,1950,44,48,2745.6,yes,35,68250,2023-09-26,65504.4
1211,Customer_1211,customer1211@mail.com,sold,Barley,2024-05-18,2024-10-24,197,9850,159,44,45940.4,yes,32,315200,2024-10-24,269259.6
1199,Customer_1199,customer1199@mail.com,sold,Wheat,2023-11-13,2024-04-10,103,5150,149,25,12789.17,partial,37,190550,2024-04-10,177760.83
1083,Customer_1083,customer1083@mail.com,storing,Sorghum,2024-04-12,2024-07-02,150,3750,81,36,14580.0,no,52,195000,2024-07-02,180420.0
1044,Customer_1044,customer1044@mail.com,stored,Rice,2024-06-16,2024-07-09,20,1000,23,41,628.67,yes,25,0,2024-07-09,-628.67
783,Customer_783,customer783@mail.com,stored,Wheat,2023-09-19,2024-01-18,74,3700,121,55,16415.67,no,35,0,2024-01-18,-16415.67
816,Customer_816,customer816@mail.com,sold,Maize,2023-01-13,2023-04-11,134,3350,88,36,14150.4,no,48,160800,2023-04-11,146649.6
1558,Customer_1558,customer1558@mail.com,stored,Sorghum,2023-09-07,2024-02-28,167,8350,174,49,47461.4,no,45,375750,2024-02-28,328288.6
1187,Customer_1187,customer1187@mail.com,storing,Maize,2023-05-24,2023-10-12,173,8650,141,27,21953.7,yes,52,0,2023-10-12,-21953.7
1479,Customer_1479,customer1479@mail.com,storing,Maize,2023-07-18,2023-10-07,151,3775,81,20,8154.0,yes,47,177425,2023-10-07,169271.0
222,Customer_222,customer222@mail.com,stored,Sorghum,2023-04-23,2023-10-16,50,2500,176,36,10560.0,partial,28,70000,2023-10-16,59440.0
1360,Customer_1360,customer1360@mail.com,storing,Sorghum,2023-05-04,2023-10-18,48,2400,167,41,10955.2,no,50,0,2023-10-18,-10955.2
1412,Customer_1412,customer1412@mail.com,sold,Sorghum,2024-07-24,2025-01-01,61,3050,161,56,18332.53,partial,52,158600,2025-01-01,140267.47
1117,Customer_1117,customer1117@mail.com,stored,Maize,2024-06-17,2024-07-16,191,9550,29,48,8862.4,yes,52,0,2024-07-16,-8862.4
1703,Customer_1703,customer1703@mail.com,storing,Millet,2023-11-17,2024-01-06,153,7650,50,43,10965.0,no,36,275400,2024-01-06,264435.0
277,Customer_277,customer277@mail.com,sold,Wheat,2023-08-20,2023-11-10,171,4275,82,38,17761.2,no,36,153900,2023-11-10,136138.8
1712,Customer_1712,customer1712@mail.com,storing,Barley,2024-08-08,2024-08-26,111,2775,18,27,1798.2,partial,47,0,2024-08-26,-1798.2
1171,Customer_1171,customer1171@mail.com,storing,Barley,2023-12-03,2024-02-26,78,3900,85,44,9724.0,yes,36,0,2024-02-26,-9724.0
239,Customer_239,customer239@mail.com,storing,Rice,2023-09-26,2023-12-15,132,6600,80,40,14080.0,yes,52,0,2023-12-15,-14080.0
813,Customer_813,customer813@mail.com,stored,Barley,2024-06-19,2024-11-06,50,1250,140,53,12366.67,yes,31,38750,2024-11-06,26383.33
502,Customer_502,customer502@mail.com,storing,Rice,2024-04-06,2024-07-10,83,2075,95,36,9462.0,yes,34,0,2024-07-10,-9462.0
1591,Customer_1591,customer1591@mail.com,stored,Maize,2023-01-04,2023-01-23,60,1500,19,39,1482.0,no,34,51000,2023-01-23,49518.0
661,Customer_661,customer661@mail.com,stored,Maize,2023-07-04,2023-10-16,192,4800,104,39,25958.4,yes,28,134400,2023-10-16,108441.6
1620,Customer_1620,customer1620@mail.com,storing,Barley,2024-02-11,2024-07-29,82,2050,169,38,17553.47,partial,53,0,2024-07-29,-17553.47
388,Customer_388,customer388@mail.com,stored,Maize,2024-04-07,2024-08-07,20,500,122,24,1952.0,yes,25,0,2024-08-07,-1952.0
836,Customer_836,customer836@mail.com,stored,Rice,2023-10-04,2023-10-20,182,4550,16,42,4076.8,yes,33,150150,2023-10-20,146073.2
172,Customer_172,customer172@mail.com,stored,Millet,2023-06-28,2023-10-01,140,3500,95,53,23496.67,partial,48,168000,2023-10-01,144503.33
636,Customer_636,customer636@mail.com,stored,Maize,2023-02-02,2023-07-15,134,3350,163,28,20385.87,yes,41,0,2023-07-15,-20385.87
1135,Customer_1135,customer1135@mail.com,sold,Wheat,2024-07-05,2024-08-06,111,5550,32,35,4144.0,partial,50,0,2024-08-06,-4144.0
833,Customer_833,customer833@mail.com,sold,Barley,2024-03-26,2024-06-21,25,1250,87,58,4205.0,no,47,0,2024-06-21,-4205.0
498,Customer_498,customer498@mail.com,sold,Wheat,2024-03-07,2024-07-31,127,3175,146,29,17923.93,yes,45,0,2024-07-31,-17923.93
1267,Customer_1267,customer1267@mail.com,sold,Millet,2023-07-23,2023-10-03,170,8500,72,49,19992.0,yes,45,382500,2023-10-03,362508.0
1533,Customer_1533,customer1533@mail.com,sold,Wheat,2023-02-10,2023-06-09,200,5000,119,55,43633.33,no,53,0,2023-06-09,-43633.33
1430,Customer_1430,customer1430@mail.com,stored,Millet,2023-07-12,2023-08-09,67,1675,28,48,3001.6,yes,29,48575,2023-08-09,45573.4
284,Customer_284,customer284@mail.com,storing,Sorghum,2023-03-23,2023-05-18,34,1700,56,38,2411.73,no,47,79900,2023-05-18,77488.27
363,Customer_363,customer363@mail.com,storing,Wheat,2024-07-15,2024-09-04,165,8250,51,58,16269.0,yes,30,0,2024-09-04,-16269.0
943,Customer_943,customer943@mail.com,storing,Rice,2023-06-20,2023-09-27,59,2950,99,25,4867.5,partial,42,123900,2023-09-27,119032.5
471,Customer_471,customer471@mail.com,storing,Sorghum,2023-12-08,2024-03-28,10,500,111,54,1998.0,partial,26,0,2024-03-28,-1998.0
1688,Customer_1688,customer1688@mail.com,stored,Sorghum,2023-05-24,2023-07-03,123,3075,40,60,9840.0,no,35,0,2023-07-03,-9840.0
1152,Customer_1152,customer1152@mail.com,stored,Maize,2023-09-24,2023-10-10,14,350,16,27,201.6,no,51,0,2023-10-10,-201.6
504,Customer_504,customer504@mail.com,storing,Maize,2023-05-25,2023-10-27,173,8650,155,50,44691.67,no,50,432500,2023-10-27,387808.33
1695,Customer_1695,customer1695@mail.com,storing,Maize,2023-07-05,2023-07-27,162,8100,22,24,2851.2,yes,36,0,2023-07-27,-2851.2
299,Customer_299,customer299@mail.com,sold,Sorghum,2023-12-01,2024-05-24,86,4300,175,41,20568.33,partial,31,0,2024-05-24,-20568.33
1089,Customer_1089,customer1089@mail.com,sold,Maize,2023-05-01,2023-10-28,123,6150,180,43,31734.0,no,36,0,2023-10-28,-31734.0
240,Customer_240,customer240@mail.com,storing,Millet,2024-07-06,2024-08-25,12,300,50,46,920.0,partial,28,8400,2024-08-25,7480.0
1820,Customer_1820,customer1820@mail.com,storing,Millet,2023-08-02,2023-11-02,173,8650,92,51,27057.2,partial,41,354650,2023-11-02,327592.8
877,Customer_877,customer877@mail.com,storing,Rice,2023-06-05,2023-11-30,43,2150,178,23,5868.07,no,34,73100,2023-11-30,67231.93
289,Customer_289,customer289@mail.com,stored,Sorghum,2023-01-06,2023-04-02,78,3900,86,51,11403.6,partial,33,0,2023-04-02,-11403.6
1447,Customer_1447,customer1447@mail.com,stored,Sorghum,2023-05-07,2023-10-30,29,725,176,44,7485.87,partial,41,0,2023-10-30,-7485.87
502,Customer_502,customer502@mail.com,sold,Barley,2023-07-11,2023-09-29,120,3000,80,56,17920.0,yes,25,0,2023-09-29,-17920.0
1039,Customer_1039,customer1039@mail.com,stored,Barley,2024-01-18,2024-06-05,143,7150,139,55,36441.17,no,51,0,2024-06-05,-36441.17
433,Customer_433,customer433@mail.com,sold,Barley,2023-08-21,2023-11-12,99,2475,83,36,9860.4,no,33,0,2023-11-12,-9860.4
1168,Customer_1168,customer1168@mail.com,stored,Sorghum,2023-08-29,2024-02-20,90,4500,175,57,29925.0,partial,33,0,2024-02-20,-29925.0
1717,Customer_1717,customer1717@mail.com,storing,Rice,2023-09-30,2023-12-14,169,8450,75,43,18167.5,no,38,321100,2023-12-14,302932.5
1459,Customer_1459,customer1459@mail.com,storing,Rice,2023-01-17,2023-04-30,195,9750,103,25,16737.5,partial,55,0,2023-04-30,-16737.5
1,Customer_1,customer1@mail.com,sold,Millet,2023-01-12,2023-06-21,184,9200,160,44,43178.67,yes,36,0,2023-06-21,-43178.67
673,Customer_673,customer673@mail.com,storing,Rice,2024-08-07,2025-01-01,200,5000,147,58,56840.0,partial,35,0,2025-01-01,-56840.0
1404,Customer_1404,customer1404@mail.com,storing,Wheat,2024-06-18,2024-08-27,148,7400,70,32,11050.67,yes,44,0,2024-08-27,-11050.67
318,Customer_318,customer318@mail.com,stored,Rice,2023-10-14,2024-02-11,32,1600,120,29,3712.0,no,37,59200,2024-02-11,55488.0
1588,Customer_1588,customer1588@mail.com,sold,Rice,2023-09-08,2023-10-08,198,9900,30,31,6138.0,partial,34,336600,2023-10-08,330462.0
1709,Customer_1709,customer1709@mail.com,sold,Sorghum,2024-01-27,2024-06-19,19,950,144,39,3556.8,partial,26,0,2024-06-19,-3556.8
1536,Customer_1536,customer1536@mail.com,storing,Maize,2023-11-17,2024-04-10,155,7750,145,58,43451.67,no,38,0,2024-04-10,-43451.67
514,Customer_514,customer514@mail.com,stored,Rice,2023-07-15,2023-10-10,113,5650,87,20,6554.0,no,54,305100,2023-10-10,298546.0
1182,Customer_1182,customer1182@mail.com,stored,Rice,2024-02-19,2024-06-11,188,4700,113,54,38239.2,no,53,249100,2024-06-11,210860.8
1561,Customer_1561,customer1561@mail.com,storing,Millet,2023-08-29,2023-11-10,119,2975,73,35,10134.83,no,26,77350,2023-11-10,67215.17
1888,Customer_1888,customer1888@mail.com,storing,Millet,2023-08-26,2024-02-14,114,2850,172,25,16340.0,yes,38,108300,2024-02-14,91960.0
1389,Customer_1389,customer1389@mail.com,stored,Sorghum,2023-06-07,2023-10-24,182,9100,139,33,27827.8,yes,28,254800,2023-10-24,226972.2
1758,Customer_1758,customer1758@mail.com,stored,Barley,2024-07-17,2024-09-30,64,1600,75,54,8640.0,partial,36,57600,2024-09-30,48960.0
52,Customer_52,customer52@mail.com,storing,Rice,2024-05-22,2024-10-27,173,4325,158,56,51023.47,no,48,207600,2024-10-27,156576.53
1212,Customer_1212,customer1212@mail.com,storing,Millet,2023-09-02,2023-12-06,168,8400,95,50,26600.0,yes,25,210000,2023-12-06,183400.0
1404,Customer_1404,customer1404@mail.com,storing,Barley,2023-01-17,2023-03-20,144,3600,62,55,16368.0,yes,53,0,2023-03-20,-16368.0
956,Customer_956,customer956@mail.com,sold,Barley,2023-08-25,2023-09-22,156,7800,28,22,3203.2,no,46,358800,2023-09-22,355596.8
818,Customer_818,customer818@mail.com,stored,Sorghum,2023-04-25,2023-09-19,176,4400,147,26,22422.4,yes,31,0,2023-09-19,-22422.4
244,Customer_244,customer244@mail.com,stored,Rice,2023-05-08,2023-06-20,97,4850,43,46,6395.53,yes,38,184300,2023-06-20,177904.47
538,Customer_538,customer538@mail.com,sold,Barley,2023-05-27,2023-10-26,175,4375,152,39,34580.0,no,44,192500,2023-10-26,157920.0
1689,Customer_1689,customer1689@mail.com,sold,Maize,2023-12-12,2024-02-14,72,3600,64,59,9062.4,no,30,108000,2024-02-14,98937.6
643,Customer_643,customer643@mail.com,sold,Millet,2023-05-12,2023-08-10,75,1875,90,35,7875.0,partial,36,0,2023-08-10,-7875.0
1610,Customer_1610,customer1610@mail.com,stored,Maize,2024-07-10,2024-08-22,155,3875,43,27,5998.5,partial,50,193750,2024-08-22,187751.5
371,Customer_371,customer371@mail.com,storing,Barley,2023-06-24,2023-07-13,30,1500,19,59,1121.0,partial,36,0,2023-07-13,-1121.0
605,Customer_605,customer605@mail.com,stored,Millet,2024-04-27,2024-10-04,18,900,160,51,4896.0,yes,37,0,2024-10-04,-4896.0
954,Customer_954,customer954@mail.com,sold,Barley,2023-10-30,2024-01-03,13,325,65,21,591.5,no,54,0,2024-01-03,-591.5
106,Customer_106,customer106@mail.com,stored,Sorghum,2023-09-27,2024-02-08,191,4775,134,51,43509.8,no,47,224425,2024-02-08,180915.2
626,Customer_626,customer626@mail.com,sold,Maize,2024-01-12,2024-04-26,130,6500,105,40,18200.0,no,48,0,2024-04-26,-18200.0
904,Customer_904,customer904@mail.com,stored,Maize,2023-07-30,2024-01-06,44,2200,160,33,7744.0,no,31,68200,2024-01-06,60456.0
859,Customer_859,customer859@mail.com,stored,Barley,2024-05-30,2024-06-25,198,9900,26,34,5834.4,yes,45,0,2024-06-25,-5834.4
713,Customer_713,customer713@mail.com,sold,Wheat,2023-03-28,2023-06-19,142,7100,83,48,18857.6,no,53,0,2023-06-19,-18857.6
1157,Customer_1157,customer1157@mail.com,storing,Wheat,2024-02-16,2024-07-02,118,2950,137,38,20476.93,no,51,150450,2024-07-02,129973.07
1503,Customer_1503,customer1503@mail.com,stored,Maize,2023-11-04,2024-02-02,103,5150,90,20,6180.0,no,43,221450,2024-02-02,215270.0
1622,Customer_1622,customer1622@mail.com,stored,Millet,2023-12-02,2024-04-30,60,3000,150,33,9900.0,no,35,105000,2024-04-30,95100.0
1786,Customer_1786,customer1786@mail.com,storing,Maize,2023-01-04,2023-05-28,133,6650,144,28,17875.2,partial,37,0,2023-05-28,-17875.2
172,Customer_172,customer172@mail.com,stored,Rice,2024-07-20,2024-08-04,109,5450,15,60,3270.0,no,46,250700,2024-08-04,247430.0
1346,Customer_1346,customer1346@mail.com,sold,Maize,2023-10-13,2024-01-17,141,3525,96,20,9024.0,no,42,0,2024-01-17,-9024.0
1059,Customer_1059,customer1059@mail.com,sold,Barley,2023-11-30,2023-12-16,146,7300,16,34,2647.47,yes,42,0,2023-12-16,-2647.47
164,Customer_164,customer164@mail.com,stored,Maize,2023-05-13,2023-06-29,175,8750,47,59,16175.83,no,30,262500,2023-06-29,246324.17
382,Customer_382,customer382@mail.com,sold,Maize,2023-03-12,2023-05-20,147,7350,69,38,12847.8,no,45,0,2023-05-20,-12847.8
554,Customer_554,customer554@mail.com,stored,Sorghum,2023-05-12,2023-09-16,29,725,127,35,4296.83,yes,41,0,2023-09-16,-4296.83
165,Customer_165,customer165@mail.com,storing,Wheat,2023-07-30,2024-01-18,156,7800,172,24,21465.6,partial,37,0,2024-01-18,-21465.6
228,Customer_228,customer228@mail.com,stored,Maize,2023-03-15,2023-04-03,35,875,19,59,1307.83,partial,26,22750,2023-04-03,21442.17
1143,Customer_1143,customer1143@mail.com,storing,Barley,2023-07-09,2023-12-15,48,1200,159,57,14500.8,partial,50,60000,2023-12-15,45499.2
1428,Customer_1428,customer1428@mail.com,stored,Millet,2023-05-22,2023-06-11,44,1100,20,37,1085.33,partial,39,0,2023-06-11,-1085.33
1427,Customer_1427,customer1427@mail.com,storing,Maize,2023-06-20,2023-11-07,182,9100,140,32,27178.67,no,36,327600,2023-11-07,300421.33
741,Customer_741,customer741@mail.com,storing,Barley,2023-11-06,2023-12-11,110,5500,35,38,4876.67,partial,28,154000,2023-12-11,149123.33
1735,Customer_1735,customer1735@mail.com,stored,Wheat,2024-05-18,2024-10-13,45,1125,148,21,4662.0,no,47,52875,2024-10-13,48213.0
1072,Customer_1072,customer1072@mail.com,sold,Wheat,2023-09-30,2023-10-29,58,1450,29,44,2466.93,yes,42,0,2023-10-29,-2466.93
1551,Customer_1551,customer1551@mail.com,stored,Maize,2024-03-24,2024-08-16,50,2500,145,23,5558.33,partial,52,130000,2024-08-16,124441.67
268,Customer_268,customer268@mail.com,stored,Barley,2024-07-06,2024-12-04,152,3800,151,33,25247.2,no,33,0,2024-12-04,-25247.2
428,Customer_428,customer428@mail.com,storing,Barley,2024-07-17,2024-12-11,99,4950,147,43,20859.3,yes,55,0,2024-12-11,-20859.3
589,Customer_589,customer589@mail.com,sold,Maize,2023-05-14,2023-10-22,89,2225,161,56,26747.47,yes,48,0,2023-10-22,-26747.47
681,Customer_681,customer681@mail.com,storing,Maize,2023-03-02,2023-05-12,173,8650,71,31,12692.43,partial,26,224900,2023-05-12,212207.57
1452,Customer_1452,customer1452@mail.com,storing,Rice,2024-02-13,2024-06-22,198,9900,130,54,46332.0,partial,33,0,2024-06-22,-46332.0
854,Customer_854,customer854@mail.com,stored,Barley,2023-03-08,2023-07-21,157,7850,135,56,39564.0,partial,49,0,2023-07-21,-39564.0
1068,Customer_1068,customer1068@mail.com,storing,Barley,2023-06-27,2023-09-26,74,1850,91,52,11672.27,yes,43,79550,2023-09-26,67877.73
524,Customer_524,customer524@mail.com,storing,Wheat,2023-11-15,2024-02-22,42,2100,99,31,4296.6,no,32,0,2024-02-22,-4296.6
932,Customer_932,customer932@mail.com,storing,Barley,2023-01-23,2023-04-13,66,3300,80,53,9328.0,yes,28,92400,2023-04-13,83072.0
840,Customer_840,customer840@mail.com,stored,Maize,2023-10-26,2024-03-25,25,1250,151,42,5285.0,no,41,0,2024-03-25,-5285.0
176,Customer_176,customer176@mail.com,storing,Wheat,2023-10-27,2024-01-03,11,275,68,57,1421.2,no,39,10725,2024-01-03,9303.8
1711,Customer_1711,customer1711@mail.com,storing,Barley,2023-03-12,2023-05-11,16,400,60,41,1312.0,yes,51,0,2023-05-11,-1312.0
1351,Customer_1351,customer1351@mail.com,stored,Sorghum,2023-01-03,2023-01-29,80,4000,26,51,3536.0,partial,26,0,2023-01-29,-3536.0
764,Customer_764,customer764@mail.com,storing,Rice,2023-09-28,2024-02-11,126,6300,136,57,32558.4,no,28,0,2024-02-11,-32558.4
791,Customer_791,customer791@mail.com,sold,Rice,2024-03-06,2024-08-04,39,975,151,30,5889.0,yes,33,0,2024-08-04,-5889.0
1091,Customer_1091,customer1091@mail.com,stored,Barley,2023-03-30,2023-09-25,117,5850,179,37,25829.7,partial,37,0,2023-09-25,-25829.7
1481,Customer_1481,customer1481@mail.com,stored,Wheat,2023-04-28,2023-05-30,136,3400,32,55,7978.67,partial,51,173400,2023-05-30,165421.33
602,Customer_602,customer602@mail.com,sold,Rice,2023-07-22,2023-09-12,91,4550,52,39,6151.6,yes,50,227500,2023-09-12,221348.4
1418,Customer_1418,customer1418@mail.com,storing,Rice,2023-05-24,2023-10-03,26,650,132,49,5605.6,no,28,18200,2023-10-03,12594.4
1624,Customer_1624,customer1624@mail.com,stored,Rice,2024-03-25,2024-09-11,47,1175,170,45,11985.0,no,32,37600,2024-09-11,25615.0
1458,Customer_1458,customer1458@mail.com,storing,Sorghum,2024-02-25,2024-07-14,54,1350,140,60,15120.0,partial,37,0,2024-07-14,-15120.0
329,Customer_329,customer329@mail.com,sold,Wheat,2023-10-13,2023-10-26,104,5200,13,54,2433.6,partial,46,0,2023-10-26,-2433.6
422,Customer_422,customer422@mail.com,storing,Barley,2023-01-01,2023-03-08,117,5850,66,23,5920.2,yes,32,187200,2023-03-08,181279.8
477,Customer_477,customer477@mail.com,storing,Rice,2024-02-20,2024-07-08,35,1750,139,28,4540.67,no,53,92750,2024-07-08,88209.33
520,Customer_520,customer520@mail.com,stored,Sorghum,2024-02-25,2024-04-25,111,2775,60,39,8658.0,partial,45,124875,2024-04-25,116217.0
1962,Customer_1962,customer1962@mail.com,sold,Maize,2024-05-26,2024-11-16,48,1200,174,50,13920.0,partial,33,0,2024-11-16,-13920.0
313,Customer_313,customer313@mail.com,sold,Maize,2023-11-26,2023-12-29,132,6600,33,60,8712.0,no,51,336600,2023-12-29,327888.0
1287,Customer_1287,customer1287@mail.com,sold,Barley,2023-10-08,2023-11-30,13,325,53,49,1125.37,partial,29,9425,2023-11-30,8299.63
978,Customer_978,customer978@mail.com,storing,Rice,2023-05-09,2023-06-13,19,950,35,21,465.5,yes,36,34200,2023-06-13,33734.5
580,Customer_580,customer580@mail.com,sold,Maize,2023-12-23,2024-05-28,64,3200,157,38,12727.47,partial,55,176000,2024-05-28,163272.53
459,Customer_459,customer459@mail.com,sold,Maize,2023-10-02,2024-01-13,163,8150,103,42,23504.6,no,27,0,2024-01-13,-23504.6
1658,Customer_1658,customer1658@mail.com,storing,Maize,2024-04-19,2024-07-09,107,5350,81,29,8378.1,partial,50,0,2024-07-09,-8378.1
534,Customer_534,customer534@mail.com,sold,Sorghum,2023-10-03,2024-02-25,110,2750,145,34,18076.67,yes,40,110000,2024-02-25,91923.33
903,Customer_903,customer903@mail.com,stored,Rice,2024-07-12,2025-01-02,61,3050,174,44,15567.2,partial,32,0,2025-01-02,-15567.2
543,Customer_543,customer543@mail.com,sold,Millet,2023-07-20,2023-12-06,14,350,139,25,1621.67,partial,35,12250,2023-12-06,10628.33
281,Customer_281,customer281@mail.com,storing,Barley,2024-04-05,2024-09-19,25,625,167,21,2922.5,yes,48,30000,2024-09-19,27077.5
482,Customer_482,customer482@mail.com,storing,Sorghum,2023-04-01,2023-05-27,44,1100,56,21,1724.8,no,38,0,2023-05-27,-1724.8
1087,Customer_1087,customer1087@mail.com,stored,Sorghum,2024-02-11,2024-03-05,200,10000,23,49,7513.33,no,40,400000,2024-03-05,392486.67
125,Customer_125,customer125@mail.com,stored,Wheat,2024-05-28,2024-10-11,77,3850,136,37,12915.47,no,54,207900,2024-10-11,194984.53
809,Customer_809,customer809@mail.com,sold,Wheat,2023-03-09,2023-08-08,123,3075,152,26,16203.2,partial,29,89175,2023-08-08,72971.8
1861,Customer_1861,customer1861@mail.com,stored,Wheat,2023-12-08,2024-03-14,103,2575,97,36,11989.2,no,28,72100,2024-03-14,60110.8
1637,Customer_1637,customer1637@mail.com,storing,Maize,2023-05-28,2023-10-12,115,2875,137,49,25733.17,no,31,0,2023-10-12,-25733.17
1438,Customer_1438,customer1438@mail.com,sold,Sorghum,2024-06-09,2024-08-13,88,2200,65,20,3813.33,no,44,0,2024-08-13,-3813.33
253,Customer_253,customer253@mail.com,sold,Maize,2023-11-19,2024-05-12,170,4250,175,22,21816.67,partial,53,0,2024-05-12,-21816.67
341,Customer_341,customer341@mail.com,storing,Maize,2023-11-29,2024-01-18,175,8750,50,40,11666.67,partial,36,0,2024-01-18,-11666.67
1970,Customer_1970,customer1970@mail.com,stored,Sorghum,2024-05-29,2024-08-17,61,3050,80,41,6669.33,no,52,0,2024-08-17,-6669.33
1659,Customer_1659,customer1659@mail.com,storing,Rice,2023-11-05,2024-03-09,151,7550,125,59,37120.83,yes,28,0,2024-03-09,-37120.83
877,Customer_877,customer877@mail.com,sold,Wheat,2024-07-27,2024-12-05,148,3700,131,52,33605.87,yes,48,0,2024-12-05,-33605.87
1759,Customer_1759,customer1759@mail.com,stored,Barley,2023-11-20,2024-03-03,156,7800,104,26,14060.8,partial,40,0,2024-03-03,-14060.8
228,Customer_228,customer228@mail.com,storing,Wheat,2023-07-21,2023-09-29,195,4875,70,21,9555.0,yes,33,160875,2023-09-29,151320.0
667,Customer_667,customer667@mail.com,stored,Wheat,2023-06-16,2023-08-30,35,875,75,48,4200.0,yes,42,36750,2023-08-30,32550.0
1713,Customer_1713,customer1713@mail.com,stored,Maize,2023-12-20,2024-02-08,192,4800,50,22,7040.0,yes,35,0,2024-02-08,-7040.0
863,Customer_863,customer863@mail.com,stored,Barley,2024-04-12,2024-05-09,197,4925,27,54,9574.2,yes,29,0,2024-05-09,-9574.2
758,Customer_758,customer758@mail.com,storing,Sorghum,2024-01-04,2024-02-06,103,5150,33,25,2832.5,partial,27,139050,2024-02-06,136217.5
584,Customer_584,customer584@mail.com,sold,Sorghum,2023-07-17,2023-08-08,21,525,22,22,338.8,partial,31,0,2023-08-08,-338.8
1180,Customer_1180,customer1180@mail.com,stored,Maize,2023-02-16,2023-08-07,114,2850,172,43,28104.8,no,37,0,2023-08-07,-28104.8
591,Customer_591,customer591@mail.com,storing,Rice,2024-08-13,2024-08-26,188,9400,13,28,2281.07,yes,35,0,2024-08-26,-2281.07
1618,Customer_1618,customer1618@mail.com,storing,Sorghum,2023-05-18,2023-08-25,105,2625,99,27,9355.5,partial,38,0,2023-08-25,-9355.5
915,Customer_915,customer915@mail.com,stored,Millet,2024-06-22,2024-07-10,154,3850,18,55,5082.0,partial,53,0,2024-07-10,-5082.0
630,Customer_630,customer630@mail.com,sold,Millet,2024-08-16,2024-11-24,159,3975,100,59,31270.0,partial,52,0,2024-11-24,-31270.0
684,Customer_684,customer684@mail.com,storing,Millet,2023-05-24,2023-10-17,48,1200,146,38,8876.8,yes,37,0,2023-10-17,-8876.8
423,Customer_423,customer423@mail.com,sold,Millet,2024-02-21,2024-03-16,42,1050,24,41,1377.6,partial,47,49350,2024-03-16,47972.4
1881,Customer_1881,customer1881@mail.com,stored,Wheat,2024-04-07,2024-07-03,170,4250,87,42,20706.0,no,42,0,2024-07-03,-20706.0
974,Customer_974,customer974@mail.com,sold,Barley,2023-11-15,2024-04-29,116,2900,166,32,20539.73,no,49,142100,2024-04-29,121560.27
357,Customer_357,customer357@mail.com,sold,Maize,2023-08-16,2023-11-18,105,2625,94,46,15134.0,yes,44,115500,2023-11-18,100366.0
448,Customer_448,customer448@mail.com,storing,Sorghum,2024-06-16,2024-09-05,83,4150,81,22,4930.2,partial,26,0,2024-09-05,-4930.2
222,Customer_222,customer222@mail.com,stored,Maize,2023-06-20,2023-07-25,103,2575,35,48,5768.0,partial,38,97850,2023-07-25,92082.0
1377,Customer_1377,customer1377@mail.com,sold,Barley,2023-12-25,2024-02-22,197,4925,59,49,18984.23,yes,47,231475,2024-02-22,212490.77
419,Customer_419,customer419@mail.com,storing,Rice,2024-01-07,2024-07-03,199,9950,178,45,53133.0,partial,47,0,2024-07-03,-53133.0
1051,Customer_1051,customer1051@mail.com,storing,Wheat,2024-04-11,2024-09-03,124,3100,145,44,26370.67,partial,50,0,2024-09-03,-26370.67
1147,Customer_1147,customer1147@mail.com,sold,Millet,2024-05-26,2024-09-23,33,1650,120,57,7524.0,no,39,0,2024-09-23,-7524.0
1626,Customer_1626,customer1626@mail.com,sold,Barley,2023-06-11,2023-07-23,150,3750,42,36,7560.0,no,53,198750,2023-07-23,191190.0
982,Customer_982,customer982@mail.com,storing,Maize,2023-09-09,2024-03-03,139,3475,176,39,31803.2,no,40,0,2024-03-03,-31803.2
248,Customer_248,customer248@mail.com,stored,Millet,2023-09-08,2023-11-14,197,9850,67,42,18478.6,partial,51,0,2023-11-14,-18478.6
872,Customer_872,customer872@mail.com,storing,Rice,2023-11-14,2024-02-08,64,1600,86,49,8989.87,yes,43,0,2024-02-08,-8989.87
1544,Customer_1544,customer1544@mail.com,sold,Barley,2024-06-18,2024-08-31,140,7000,74,58,20029.33,yes,30,0,2024-08-31,-20029.33
692,Customer_692,customer692@mail.com,storing,Maize,2023-08-22,2023-09-28,126,3150,37,35,5439.0,no,33,0,2023-09-28,-5439.0
1321,Customer_1321,customer1321@mail.com,sold,Barley,2024-03-23,2024-08-24,30,750,154,41,6314.0,no,40,0,2024-08-24,-6314.0
954,Customer_954,customer954@mail.com,sold,Wheat,2024-04-14,2024-04-24,39,1950,10,20,260.0,partial,48,0,2024-04-24,-260.0
1552,Customer_1552,customer1552@mail.com,sold,Wheat,2023-10-23,2024-04-12,27,1350,172,37,5727.6,partial,55,74250,2024-04-12,68522.4
1447,Customer_1447,customer1447@mail.com,sold,Maize,2024-01-15,2024-01-26,172,4300,11,54,3405.6,partial,52,223600,2024-01-26,220194.4
1696,Customer_1696,customer1696@mail.com,sold,Wheat,2024-02-21,2024-04-17,28,1400,56,32,1672.53,partial,53,0,2024-04-17,-1672.53
1936,Customer_1936,customer1936@mail.com,stored,Rice,2024-03-30,2024-08-19,177,8850,142,33,27647.4,no,52,460200,2024-08-19,432552.6
618,Customer_618,customer618@mail.com,sold,Rice,2024-01-12,2024-01-26,50,2500,14,28,653.33,no,33,82500,2024-01-26,81846.67
1286,Customer_1286,customer1286@mail.com,sold,Wheat,2023-04-04,2023-09-25,66,1650,174,36,13780.8,no,43,0,2023-09-25,-13780.8
1,Customer_1,customer1@mail.com,stored,Sorghum,2023-11-03,2023-11-15,111,2775,12,49,2175.6,no,33,91575,2023-11-15,89399.4
674,Customer_674,customer674@mail.com,sold,Sorghum,2024-07-16,2025-01-07,47,2350,175,54,14805.0,partial,52,0,2025-01-07,-14805.0
554,Customer_554,customer554@mail.com,sold,Millet,2023-03-16,2023-06-15,186,9300,91,44,24824.8,partial,28,0,2023-06-15,-24824.8
790,Customer_790,customer790@mail.com,storing,Rice,2023-07-09,2023-07-21,146,3650,12,20,1168.0,no,42,0,2023-07-21,-1168.0
1865,Customer_1865,customer1865@mail.com,stored,Sorghum,2023-07-21,2023-09-07,77,3850,48,26,3203.2,partial,43,165550,2023-09-07,162346.8
1304,Customer_1304,customer1304@mail.com,stored,Maize,2023-03-16,2023-03-31,178,8900,15,53,4717.0,partial,35,0,2023-03-31,-4717.0
1505,Customer_1505,customer1505@mail.com,sold,Millet,2023-08-23,2023-09-28,159,3975,36,55,10494.0,yes,44,0,2023-09-28,-10494.0
1892,Customer_1892,customer1892@mail.com,storing,Millet,2024-06-30,2024-11-22,37,925,145,49,8762.83,no,43,0,2024-11-22,-8762.83
1199,Customer_1199,customer1199@mail.com,stored,Maize,2024-03-27,2024-06-12,54,1350,77,23,3187.8,partial,43,0,2024-06-12,-3187.8
1169,Customer_1169,customer1169@mail.com,stored,Millet,2023-03-07,2023-05-15,103,2575,69,56,13266.4,no,53,0,2023-05-15,-13266.4
823,Customer_823,customer823@mail.com,sold,Rice,2024-03-13,2024-08-14,41,1025,154,29,6103.53,no,47,0,2024-08-14,-6103.53
1416,Customer_1416,customer1416@mail.com,sold,Maize,2023-01-13,2023-05-24,196,4900,131,22,18829.07,no,28,0,2023-05-24,-18829.07
477,Customer_477,customer477@mail.com,stored,Millet,2023-10-14,2024-01-27,100,5000,105,43,15050.0,partial,39,195000,2024-01-27,179950.0
935,Customer_935,customer935@mail.com,storing,Wheat,2023-11-26,2024-03-03,154,7700,98,48,24147.2,no,30,0,2024-03-03,-24147.2
156,Customer_156,customer156@mail.com,stored,Barley,2024-06-28,2024-12-02,30,1500,157,43,6751.0,partial,48,0,2024-12-02,-6751.0
145,Customer_145,customer145@mail.com,storing,Sorghum,2023-11-25,2024-03-18,70,3500,114,60,15960.0,no,48,0,2024-03-18,-15960.0
1134,Customer_1134,customer1134@mail.com,storing,Rice,2023-03-10,2023-04-01,178,4450,22,48,6265.6,yes,29,0,2023-04-01,-6265.6
1224,Customer_1224,customer1224@mail.com,stored,Wheat,2024-04-14,2024-09-30,81,4050,169,60,27378.0,no,51,0,2024-09-30,-27378.0
339,Customer_339,customer339@mail.com,stored,Barley,2023-05-04,2023-08-30,93,2325,118,50,18290.0,partial,30,0,2023-08-30,-18290.0
1053,Customer_1053,customer1053@mail.com,storing,Barley,2023-04-18,2023-09-11,187,9350,146,43,39132.87,no,54,0,2023-09-11,-39132.87
635,Customer_635,customer635@mail.com,storing,Barley,2023-01-15,2023-05-31,103,2575,136,44,20545.07,partial,41,0,2023-05-31,-20545.07
690,Customer_690,customer690@mail.com,storing,Wheat,2024-08-05,2024-12-31,54,1350,148,56,14918.4,yes,25,33750,2024-12-31,18831.6
1138,Customer_1138,customer1138@mail.com,stored,Wheat,2023-10-30,2023-11-14,83,4150,15,59,2448.5,partial,37,0,2023-11-14,-2448.5
1935,Customer_1935,customer1935@mail.com,storing,Sorghum,2023-01-22,2023-03-29,192,4800,66,55,23232.0,yes,39,187200,2023-03-29,163968.0
219,Customer_219,customer219@mail.com,storing,Maize,2023-12-12,2024-05-28,127,6350,168,29,20624.8,yes,30,190500,2024-05-28,169875.2
79,Customer_79,customer79@mail.com,storing,Wheat,2023-03-15,2023-04-11,78,3900,27,48,3369.6,yes,51,198900,2023-04-11,195530.4
1706,Customer_1706,customer1706@mail.com,stored,Sorghum,2023-02-16,2023-06-06,79,3950,110,55,15931.67,partial,36,0,2023-06-06,-15931.67
1545,Customer_1545,customer1545@mail.com,sold,Sorghum,2023-06-06,2023-08-12,112,2800,67,46,11506.13,no,41,0,2023-08-12,-11506.13
789,Customer_789,customer789@mail.com,sold,Barley,2024-01-07,2024-06-10,142,7100,155,58,42552.67,partial,42,0,2024-06-10,-42552.67
1881,Customer_1881,customer1881@mail.com,storing,Rice,2023-02-20,2023-05-22,142,7100,91,27,11629.8,yes,33,0,2023-05-22,-11629.8
1780,Customer_1780,customer1780@mail.com,sold,Rice,2024-06-30,2024-10-07,53,2650,99,55,9619.5,no,28,74200,2024-10-07,64580.5
1199,Customer_1199,customer1199@mail.com,storing,Maize,2023-01-21,2023-02-26,22,550,36,44,1161.6,partial,31,0,2023-02-26,-1161.6
1108,Customer_1108,customer1108@mail.com,stored,Wheat,2023-05-15,2023-09-16,109,5450,124,45,20274.0,yes,28,152600,2023-09-16,132326.0
536,Customer_536,customer536@mail.com,stored,Wheat,2024-07-24,2024-11-23,42,1050,122,60,10248.0,yes,36,37800,2024-11-23,27552.0
513,Customer_513,customer513@mail.com,stored,Barley,2023-09-12,2023-12-03,165,8250,82,31,13981.0,partial,43,0,2023-12-03,-13981.0
393,Customer_393,customer393@mail.com,sold,Wheat,2024-07-01,2024-09-18,82,4100,79,39,8421.4,no,38,155800,2024-09-18,147378.6
133,Customer_133,customer133@mail.com,sold,Sorghum,2023-01-04,2023-06-19,145,3625,166,52,41721.33,yes,44,0,2023-06-19,-41721.33
458,Customer_458,customer458@mail.com,storing,Sorghum,2023-09-17,2023-11-06,72,3600,50,21,2520.0,partial,42,151200,2023-11-06,148680.0
1529,Customer_1529,customer1529@mail.com,storing,Rice,2024-01-09,2024-03-11,119,2975,62,28,6886.13,yes,43,0,2024-03-11,-6886.13
164,Customer_164,customer164@mail.com,stored,Barley,2023-06-16,2023-08-02,50,2500,47,53,4151.67,no,46,0,2023-08-02,-4151.67
770,Customer_770,customer770@mail.com,storing,Rice,2024-04-28,2024-06-22,110,2750,55,53,10688.33,yes,42,115500,2024-06-22,104811.67
790,Customer_790,customer790@mail.com,stored,Rice,2024-04-25,2024-05-30,52,2600,35,26,1577.33,no,49,127400,2024-05-30,125822.67
1284,Customer_1284,customer1284@mail.com,sold,Millet,2024-01-02,2024-05-05,149,3725,124,24,14780.8,partial,26,0,2024-05-05,-14780.8
755,Customer_755,customer755@mail.com,stored,Wheat,2023-07-22,2023-10-22,116,5800,92,46,16363.73,yes,45,261000,2023-10-22,244636.27
811,Customer_811,customer811@mail.com,sold,Rice,2023-03-19,2023-07-29,84,4200,132,51,18849.6,no,28,0,2023-07-29,-18849.6
1176,Customer_1176,customer1176@mail.com,storing,Maize,2023-08-03,2023-11-02,114,2850,91,25,8645.0,partial,47,133950,2023-11-02,125305.0
1956,Customer_1956,customer1956@mail.com,stored,Barley,2024-03-15,2024-06-09,198,9900,86,20,11352.0,no,26,0,2024-06-09,-11352.0
1704,Customer_1704,customer1704@mail.com,sold,Barley,2024-01-04,2024-02-08,10,250,35,44,513.33,partial,25,6250,2024-02-08,5736.67
1625,Customer_1625,customer1625@mail.com,storing,Sorghum,2024-06-21,2024-11-04,50,1250,136,32,7253.33,yes,55,68750,2024-11-04,61496.67
1338,Customer_1338,customer1338@mail.com,stored,Sorghum,2023-11-29,2024-05-03,160,4000,156,22,18304.0,no,27,108000,2024-05-03,89696.0
14,Customer_14,customer14@mail.com,sold,Maize,2023-05-27,2023-10-08,73,1825,134,35,11412.33,partial,29,52925,2023-10-08,41512.67
638,Customer_638,customer638@mail.com,storing,Barley,2023-03-27,2023-08-29,196,9800,155,36,36456.0,yes,32,0,2023-08-29,-36456.0
1714,Customer_1714,customer1714@mail.com,sold,Maize,2023-11-24,2024-02-20,193,9650,88,54,30571.2,partial,28,0,2024-02-20,-30571.2
15,Customer_15,customer15@mail.com,storing,Millet,2024-04-25,2024-05-22,189,4725,27,52,8845.2,no,46,217350,2024-05-22,208504.8
339,Customer_339,customer339@mail.com,sold,Sorghum,2023-02-18,2023-06-01,135,6750,103,45,20857.5,yes,40,0,2023-06-01,-20857.5
1942,Customer_1942,customer1942@mail.com,sold,Sorghum,2023-01-20,2023-03-06,128,6400,45,56,10752.0,yes,47,300800,2023-03-06,290048.0
1632,Customer_1632,customer1632@mail.com,stored,Barley,2023-09-13,2023-12-21,89,4450,99,22,6461.4,partial,45,200250,2023-12-21,193788.6
1622,Customer_1622,customer1622@mail.com,sold,Millet,2023-02-28,2023-05-11,56,1400,72,36,4838.4,yes,55,77000,2023-05-11,72161.6
1886,Customer_1886,customer1886@mail.com,sold,Barley,2023-08-04,2024-01-16,111,2775,165,47,28693.5,partial,34,94350,2024-01-16,65656.5
1427,Customer_1427,customer1427@mail.com,sold,Rice,2024-07-20,2024-12-24,34,1700,157,36,6405.6,no,33,56100,2024-12-24,49694.4
543,Customer_543,customer543@mail.com,sold,Wheat,2024-06-19,2024-11-02,166,8300,136,33,24833.6,no,38,0,2024-11-02,-24833.6
1327,Customer_1327,customer1327@mail.com,storing,Rice,2023-08-22,2023-10-07,174,4350,46,51,13606.8,no,46,0,2023-10-07,-13606.8
1856,Customer_1856,customer1856@mail.com,sold,Maize,2024-02-23,2024-05-20,162,4050,87,58,27248.4,yes,37,149850,2024-05-20,122601.6
1880,Customer_1880,customer1880@mail.com,storing,Rice,2024-06-19,2024-07-28,77,3850,39,25,2502.5,partial,45,0,2024-07-28,-2502.5
775,Customer_775,customer775@mail.com,sold,Millet,2023-06-25,2023-12-16,137,6850,174,52,41319.2,no,34,232900,2023-12-16,191580.8
505,Customer_505,customer505@mail.com,storing,Sorghum,2024-04-18,2024-09-29,25,625,164,40,5466.67,partial,27,0,2024-09-29,-5466.67
46,Customer_46,customer46@mail.com,sold,Barley,2024-07-01,2024-08-30,68,3400,60,42,5712.0,partial,55,187000,2024-08-30,181288.0
359,Customer_359,customer359@mail.com,storing,Millet,2024-01-30,2024-04-18,21,1050,79,46,2543.8,partial,39,0,2024-04-18,-2543.8
768,Customer_768,customer768@mail.com,sold,Wheat,2024-05-09,2024-09-13,177,8850,127,42,31470.6,yes,49,0,2024-09-13,-31470.6
577,Customer_577,customer577@mail.com,stored,Sorghum,2023-01-14,2023-02-10,149,7450,27,52,6973.2,no,44,327800,2023-02-10,320826.8
1808,Customer_1808,customer1808@mail.com,stored,Sorghum,2024-06-19,2024-08-03,200,5000,45,31,9300.0,no,36,180000,2024-08-03,170700.0
1865,Customer_1865,customer1865@mail.com,storing,Maize,2023-11-20,2024-01-26,19,950,67,52,2206.53,no,34,0,2024-01-26,-2206.53
182,Customer_182,customer182@mail.com,storing,Rice,2023-09-06,2023-09-16,18,900,10,26,156.0,no,44,0,2023-09-16,-156.0
1656,Customer_1656,customer1656@mail.com,sold,Maize,2023-12-09,2024-03-23,187,9350,105,24,15708.0,yes,34,0,2024-03-23,-15708.0
190,Customer_190,customer190@mail.com,sold,Rice,2024-03-27,2024-06-11,183,9150,76,25,11590.0,no,54,0,2024-06-11,-11590.0
1744,Customer_1744,customer1744@mail.com,sold,Wheat,2023-09-09,2023-11-08,172,4300,60,33,11352.0,yes,43,0,2023-11-08,-11352.0
1439,Customer_1439,customer1439@mail.com,stored,Maize,2023-09-02,2024-02-29,147,7350,180,36,31752.0,partial,28,0,2024-02-29,-31752.0
25,Customer_25,customer25@mail.com,sold,Wheat,2024-02-02,2024-02-16,27,1350,14,43,541.8,no,42,0,2024-02-16,-541.8
1369,Customer_1369,customer1369@mail.com,stored,Millet,2024-02-09,2024-06-10,194,4850,122,42,33135.2,partial,54,0,2024-06-10,-33135.2
1834,Customer_1834,customer1834@mail.com,storing,Rice,2023-02-12,2023-05-24,155,7750,101,20,10436.67,partial,40,0,2023-05-24,-10436.67
1437,Customer_1437,customer1437@mail.com,storing,Rice,2024-08-18,2024-09-30,24,1200,43,23,791.2,partial,41,49200,2024-09-30,48408.8
131,Customer_131,customer131@mail.com,stored,Rice,2023-01-13,2023-02-02,24,1200,20,58,928.0,partial,55,0,2023-02-02,-928.0
819,Customer_819,customer819@mail.com,stored,Barley,2024-06-26,2024-08-10,137,3425,45,38,7809.0,no,43,0,2024-08-10,-7809.0
105,Customer_105,customer105@mail.com,storing,Sorghum,2024-03-24,2024-05-09,154,3850,46,58,13695.73,partial,55,0,2024-05-09,-13695.73
1518,Customer_1518,customer1518@mail.com,stored,Millet,2024-07-27,2024-10-25,43,2150,90,41,5289.0,yes,52,0,2024-10-25,-5289.0
1568,Customer_1568,customer1568@mail.com,storing,Sorghum,2023-04-24,2023-06-19,111,5550,56,60,12432.0,yes,53,0,2023-06-19,-12432.0
1417,Customer_1417,customer1417@mail.com,sold,Millet,2023-12-12,2024-02-05,196,4900,55,57,20482.0,partial,30,147000,2024-02-05,126518.0
1963,Customer_1963,customer1963@mail.com,sold,Rice,2023-01-19,2023-02-21,128,6400,33,39,5491.2,no,51,326400,2023-02-21,320908.8
866,Customer_866,customer866@mail.com,sold,Maize,2023-09-02,2024-02-11,78,3900,162,52,21902.4,partial,26,0,2024-02-11,-21902.4
393,Customer_393,customer393@mail.com,sold,Barley,2024-07-24,2024-09-23,157,7850,61,30,9577.0,partial,34,266900,2024-09-23,257323.0
1768,Customer_1768,customer1768@mail.com,sold,Maize,2024-02-24,2024-04-22,66,3300,58,48,6124.8,no,53,0,2024-04-22,-6124.8
1340,Customer_1340,customer1340@mail.com,sold,Maize,2024-01-27,2024-03-20,193,4825,53,55,18753.17,yes,47,0,2024-03-20,-18753.17
1283,Customer_1283,customer1283@mail.com,storing,Sorghum,2023-03-04,2023-04-13,122,6100,40,23,3741.33,yes,50,0,2023-04-13,-3741.33
385,Customer_385,customer385@mail.com,storing,Millet,2023-05-27,2023-08-01,99,4950,66,48,10454.4,yes,34,168300,2023-08-01,157845.6
213,Customer_213,customer213@mail.com,sold,Wheat,2023-11-07,2024-04-13,151,7550,158,30,23858.0,partial,43,324650,2024-04-13,300792.0
69,Customer_69,customer69@mail.com,stored,Rice,2024-05-12,2024-07-15,80,2000,64,22,3754.67,yes,40,0,2024-07-15,-3754.67
633,Customer_633,customer633@mail.com,sold,Sorghum,2024-03-26,2024-04-20,182,4550,25,55,8341.67,partial,54,0,2024-04-20,-8341.67
612,Customer_612,customer612@mail.com,storing,Maize,2023-08-01,2024-01-02,87,2175,154,31,13844.6,yes,49,106575,2024-01-02,92730.4
1413,Customer_1413,customer1413@mail.com,sold,Sorghum,2023-11-07,2024-01-20,132,3300,74,55,17908.0,yes,35,0,2024-01-20,-17908.0
1787,Customer_1787,customer1787@mail.com,storing,Rice,2023-06-05,2023-06-16,179,8950,11,57,3741.1,yes,38,340100,2023-06-16,336358.9
320,Customer_320,customer320@mail.com,stored,Rice,2023-10-16,2024-01-07,177,8850,83,37,18118.9,partial,46,407100,2024-01-07,388981.1
1396,Customer_1396,customer1396@mail.com,stored,Wheat,2023-12-21,2024-01-07,148,7400,17,56,4696.53,no,40,296000,2024-01-07,291303.47
1375,Customer_1375,customer1375@mail.com,stored,Sorghum,2023-09-08,2024-02-23,48,1200,168,52,13977.6,yes,25,0,2024-02-23,-13977.6
1759,Customer_1759,customer1759@mail.com,stored,Rice,2023-04-30,2023-10-13,171,8550,166,60,56772.0,partial,45,0,2023-10-13,-56772.0
544,Customer_544,customer544@mail.com,storing,Rice,2024-07-08,2024-09-24,22,550,78,55,3146.0,yes,45,24750,2024-09-24,21604.0
612,Customer_612,customer612@mail.com,stored,Barley,2023-01-02,2023-06-14,173,8650,163,26,24439.13,yes,36,311400,2023-06-14,286960.87
874,Customer_874,customer874@mail.com,storing,Wheat,2023-10-25,2024-01-20,146,3650,87,60,25404.0,partial,48,175200,2024-01-20,149796.0
765,Customer_765,customer765@mail.com,storing,Barley,2024-06-25,2024-09-25,189,4725,92,59,34196.4,no,25,0,2024-09-25,-34196.4
1694,Customer_1694,customer1694@mail.com,storing,Maize,2024-06-30,2024-12-27,159,7950,180,46,43884.0,yes,50,0,2024-12-27,-43884.0
545,Customer_545,customer545@mail.com,sold,Millet,2023-02-22,2023-03-29,159,3975,35,29,5379.5,no,32,0,2023-03-29,-5379.5
1436,Customer_1436,customer1436@mail.com,stored,Sorghum,2024-05-27,2024-10-30,143,7150,156,35,26026.0,no,51,364650,2024-10-30,338624.0
1856,Customer_1856,customer1856@mail.com,sold,Wheat,2023-02-16,2023-03-25,94,2350,37,31,3593.93,no,45,105750,2023-03-25,102156.07
1631,Customer_1631,customer1631@mail.com,sold,Wheat,2023-08-21,2023-12-01,87,4350,102,47,13902.6,no,49,0,2023-12-01,-13902.6
315,Customer_315,customer315@mail.com,stored,Rice,2023-07-31,2023-10-10,45,2250,71,37,3940.5,partial,55,123750,2023-10-10,119809.5
1279,Customer_1279,customer1279@mail.com,storing,Millet,2023-07-21,2023-08-15,103,5150,25,40,3433.33,no,36,0,2023-08-15,-3433.33
690,Customer_690,customer690@mail.com,storing,Maize,2023-03-22,2023-06-10,82,2050,80,22,4810.67,no,46,0,2023-06-10,-4810.67
1742,Customer_1742,customer1742@mail.com,sold,Rice,2024-02-05,2024-05-30,175,4375,115,60,40250.0,no,48,0,2024-05-30,-40250.0
1116,Customer_1116,customer1116@mail.com,stored,Rice,2024-04-27,2024-05-19,22,550,22,52,838.93,partial,50,0,2024-05-19,-838.93
542,Customer_542,customer542@mail.com,stored,Maize,2023-08-21,2023-11-06,141,3525,77,60,21714.0,no,42,148050,2023-11-06,126336.0
1822,Customer_1822,customer1822@mail.com,stored,Wheat,2023-02-13,2023-07-19,114,2850,156,21,12448.8,no,47,0,2023-07-19,-12448.8
1101,Customer_1101,customer1101@mail.com,stored,Wheat,2024-05-29,2024-07-25,115,5750,57,42,9177.0,partial,36,207000,2024-07-25,197823.0
959,Customer_959,customer959@mail.com,storing,Millet,2024-07-10,2024-11-20,161,4025,133,60,42826.0,yes,54,217350,2024-11-20,174524.0
269,Customer_269,customer269@mail.com,stored,Sorghum,2023-03-26,2023-06-03,172,8600,69,49,19384.4,yes,44,0,2023-06-03,-19384.4
965,Customer_965,customer965@mail.com,stored,Wheat,2023-11-23,2024-01-24,125,6250,62,22,5683.33,no,52,0,2024-01-24,-5683.33
642,Customer_642,customer642@mail.com,storing,Wheat,2023-10-24,2024-03-03,135,3375,131,48,28296.0,partial,28,0,2024-03-03,-28296.0
340,Customer_340,customer340@mail.com,storing,Maize,2024-05-06,2024-10-12,188,9400,159,36,35870.4,yes,41,385400,2024-10-12,349529.6
1161,Customer_1161,customer1161@mail.com,storing,Sorghum,2023-10-30,2023-11-09,16,400,10,38,202.67,partial,37,14800,2023-11-09,14597.33
133,Customer_133,customer133@mail.com,sold,Maize,2024-01-07,2024-02-19,132,6600,43,49,9270.8,no,46,303600,2024-02-19,294329.2
1745,Customer_1745,customer1745@mail.com,stored,Maize,2023-09-30,2024-03-18,45,1125,170,22,5610.0,partial,51,0,2024-03-18,-5610.0
502,Customer_502,customer502@mail.com,stored,Rice,2023-09-20,2024-01-05,15,375,107,26,1391.0,no,37,13875,2024-01-05,12484.0
62,Customer_62,customer62@mail.com,stored,Barley,2023-06-06,2023-10-23,58,1450,139,36,9674.4,no,53,0,2023-10-23,-9674.4
1322,Customer_1322,customer1322@mail.com,sold,Maize,2024-07-18,2024-07-30,192,9600,12,37,2841.6,no,28,268800,2024-07-30,265958.4
1249,Customer_1249,customer1249@mail.com,storing,Rice,2024-05-06,2024-08-27,157,3925,113,26,15375.53,partial,49,0,2024-08-27,-15375.53
1189,Customer_1189,customer1189@mail.com,storing,Maize,2023-02-21,2023-04-09,78,3900,47,49,5987.8,partial,31,0,2023-04-09,-5987.8
566,Customer_566,customer566@mail.com,storing,Barley,2024-02-06,2024-07-20,55,1375,165,34,10285.0,yes,27,0,2024-07-20,-10285.0
1100,Customer_1100,customer1100@mail.com,stored,Wheat,2023-01-18,2023-02-07,106,5300,20,41,2897.33,yes,46,0,2023-02-07,-2897.33
1954,Customer_1954,customer1954@mail.com,storing,Sorghum,2024-01-31,2024-04-24,94,4700,84,24,6316.8,partial,30,141000,2024-04-24,134683.2
1026,Customer_1026,customer1026@mail.com,sold,Millet,2024-05-15,2024-08-09,60,1500,86,22,3784.0,yes,36,0,2024-08-09,-3784.0
99,Customer_99,customer99@mail.com,storing,Sorghum,2023-11-05,2024-04-25,175,8750,172,38,38126.67,yes,37,0,2024-04-25,-38126.67
1894,Customer_1894,customer1894@mail.com,sold,Millet,2024-01-19,2024-05-27,187,4675,129,37,29751.7,yes,32,0,2024-05-27,-29751.7
169,Customer_169,customer169@mail.com,stored,Millet,2023-05-24,2023-09-02,94,4700,101,37,11709.27,yes,41,0,2023-09-02,-11709.27
1473,Customer_1473,customer1473@mail.com,stored,Wheat,2024-04-08,2024-07-14,96,4800,97,41,12726.4,no,43,0,2024-07-14,-12726.4
1317,Customer_1317,customer1317@mail.com,storing,Barley,2023-05-08,2023-09-22,108,2700,137,53,26139.6,no,35,0,2023-09-22,-26139.6
981,Customer_981,customer981@mail.com,sold,Rice,2024-01-31,2024-03-11,102,2550,40,50,6800.0,partial,36,0,2024-03-11,-6800.0
1291,Customer_1291,customer1291@mail.com,sold,Wheat,2023-04-27,2023-08-12,101,5050,107,30,10807.0,no,53,0,2023-08-12,-10807.0
486,Customer_486,customer486@mail.com,stored,Maize,2024-05-04,2024-06-09,190,4750,36,45,10260.0,yes,25,0,2024-06-09,-10260.0
1622,Customer_1622,customer1622@mail.com,storing,Barley,2023-02-13,2023-05-13,140,7000,89,30,12460.0,yes,26,0,2023-05-13,-12460.0
140,Customer_140,customer140@mail.com,storing,Barley,2023-03-27,2023-04-25,83,2075,29,49,3931.43,no,36,0,2023-04-25,-3931.43
823,Customer_823,customer823@mail.com,storing,Barley,2023-09-08,2023-09-27,107,5350,19,57,3862.7,partial,41,0,2023-09-27,-3862.7
228,Customer_228,customer228@mail.com,storing,Millet,2024-06-29,2024-11-05,84,2100,129,45,16254.0,partial,32,0,2024-11-05,-16254.0
139,Customer_139,customer139@mail.com,storing,Rice,2023-01-14,2023-07-04,109,5450,171,40,24852.0,partial,26,0,2023-07-04,-24852.0
1881,Customer_1881,customer1881@mail.com,stored,Rice,2024-02-09,2024-04-18,65,3250,69,22,3289.0,no,36,0,2024-04-18,-3289.0
57,Customer_57,customer57@mail.com,stored,Wheat,2024-04-12,2024-07-02,176,8800,81,49,23284.8,partial,55,484000,2024-07-02,460715.2
1124,Customer_1124,customer1124@mail.com,storing,Maize,2023-04-02,2023-07-21,187,9350,110,57,39083.0,no,55,0,2023-07-21,-39083.0
472,Customer_472,customer472@mail.com,sold,Sorghum,2023-05-01,2023-07-10,11,550,70,40,1026.67,partial,42,0,2023-07-10,-1026.67
367,Customer_367,customer367@mail.com,storing,Sorghum,2024-02-29,2024-06-01,50,2500,93,31,4805.0,partial,39,0,2024-06-01,-4805.0
16,Customer_16,customer16@mail.com,storing,Millet,2023-04-04,2023-06-15,151,7550,72,42,15220.8,no,25,0,2023-06-15,-15220.8
498,Customer_498,customer498@mail.com,stored,Barley,2024-01-16,2024-05-10,190,9500,115,47,34231.67,yes,54,513000,2024-05-10,478768.33
661,Customer_661,customer661@mail.com,sold,Barley,2023-03-22,2023-09-12,87,2175,174,38,19174.8,partial,38,0,2023-09-12,-19174.8
810,Customer_810,customer810@mail.com,storing,Wheat,2023-11-26,2024-05-21,49,2450,177,29,8383.9,yes,41,0,2024-05-21,-8383.9
1527,Customer_1527,customer1527@mail.com,storing,Millet,2024-03-10,2024-04-12,86,4300,33,60,5676.0,yes,50,0,2024-04-12,-5676.0
557,Customer_557,customer557@mail.com,sold,Wheat,2023-12-28,2024-05-04,63,3150,128,50,13440.0,partial,51,0,2024-05-04,-13440.0
595,Customer_595,customer595@mail.com,stored,Rice,2024-06-02,2024-07-01,20,1000,29,24,464.0,yes,35,0,2024-07-01,-464.0
470,Customer_470,customer470@mail.com,stored,Rice,2023-06-26,2023-12-07,163,4075,164,58,51681.87,no,29,118175,2023-12-07,66493.13
1244,Customer_1244,customer1244@mail.com,stored,Maize,2024-04-22,2024-08-08,145,7250,108,22,11484.0,partial,26,188500,2024-08-08,177016.0
67,Customer_67,customer67@mail.com,sold,Millet,2023-05-17,2023-06-21,51,2550,35,54,3213.0,no,33,0,2023-06-21,-3213.0
1709,Customer_1709,customer1709@mail.com,sold,Sorghum,2024-07-06,2024-12-03,88,4400,150,53,23320.0,yes,52,0,2024-12-03,-23320.0
280,Customer_280,customer280@mail.com,stored,Maize,2023-06-02,2023-08-25,72,3600,84,37,7459.2,partial,52,0,2023-08-25,-7459.2
810,Customer_810,customer810@mail.com,storing,Wheat,2023-07-31,2023-10-07,126,6300,68,57,16279.2,partial,32,201600,2023-10-07,185320.8
1177,Customer_1177,customer1177@mail.com,sold,Wheat,2023-07-20,2023-10-25,175,8750,97,30,16975.0,yes,40,350000,2023-10-25,333025.0
180,Customer_180,customer180@mail.com,stored,Millet,2023-04-17,2023-06-01,76,3800,45,41,4674.0,yes,44,0,2023-06-01,-4674.0
983,Customer_983,customer983@mail.com,storing,Sorghum,2023-12-07,2024-01-13,186,4650,37,52,11928.8,partial,39,0,2024-01-13,-11928.8
1834,Customer_1834,customer1834@mail.com,sold,Maize,2023-02-14,2023-07-14,165,4125,150,22,18150.0,partial,50,0,2023-07-14,-18150.0
1432,Customer_1432,customer1432@mail.com,stored,Maize,2024-06-13,2024-09-15,94,4700,94,59,17377.47,partial,36,0,2024-09-15,-17377.47
1420,Customer_1420,customer1420@mail.com,sold,Rice,2024-07-27,2024-10-11,80,4000,76,48,9728.0,no,33,0,2024-10-11,-9728.0
7,Customer_7,customer7@mail.com,stored,Millet,2023-06-12,2023-09-09,160,4000,89,60,28480.0,partial,29,116000,2023-09-09,87520.0
4,Customer_4,customer4@mail.com,storing,Sorghum,2024-08-12,2024-12-28,126,3150,138,47,27241.2,yes,50,157500,2024-12-28,130258.8
1176,Customer_1176,customer1176@mail.com,stored,Sorghum,2023-05-28,2023-10-30,43,1075,155,37,8220.17,partial,46,0,2023-10-30,-8220.17
314,Customer_314,customer314@mail.com,sold,Sorghum,2023-06-10,2023-11-03,56,2800,146,59,16079.47,partial,54,0,2023-11-03,-16079.47
286,Customer_286,customer286@mail.com,stored,Rice,2023-06-17,2023-08-30,165,4125,74,31,12617.0,no,36,0,2023-08-30,-12617.0
1861,Customer_1861,customer1861@mail.com,stored,Millet,2024-03-22,2024-07-13,166,4150,113,37,23134.87,yes,35,0,2024-07-13,-23134.87
843,Customer_843,customer843@mail.com,sold,Wheat,2024-05-06,2024-08-22,12,600,108,45,1944.0,yes,50,0,2024-08-22,-1944.0
965,Customer_965,customer965@mail.com,stored,Maize,2024-02-17,2024-03-08,12,300,20,51,408.0,partial,41,12300,2024-03-08,11892.0
961,Customer_961,customer961@mail.com,storing,Maize,2023-05-25,2023-06-13,193,4825,19,22,2689.13,no,43,207475,2023-06-13,204785.87
504,Customer_504,customer504@mail.com,storing,Wheat,2023-10-04,2023-10-27,166,8300,23,45,5727.0,partial,34,282200,2023-10-27,276473.0
590,Customer_590,customer590@mail.com,sold,Sorghum,2024-05-29,2024-10-06,83,4150,130,37,13307.67,no,48,0,2024-10-06,-13307.67
1209,Customer_1209,customer1209@mail.com,stored,Rice,2024-06-27,2024-08-18,97,2425,52,28,4707.73,partial,27,0,2024-08-18,-4707.73
1947,Customer_1947,customer1947@mail.com,storing,Sorghum,2024-02-11,2024-06-04,84,4200,114,56,17875.2,no,55,231000,2024-06-04,213124.8
1612,Customer_1612,customer1612@mail.com,stored,Sorghum,2023-12-23,2024-05-11,58,1450,140,23,6225.33,no,51,73950,2024-05-11,67724.67
869,Customer_869,customer869@mail.com,sold,Sorghum,2024-02-15,2024-04-06,186,9300,51,42,13280.4,partial,41,381300,2024-04-06,368019.6
1143,Customer_1143,customer1143@mail.com,sold,Maize,2023-11-09,2024-04-22,71,1775,165,44,17182.0,yes,39,0,2024-04-22,-17182.0
1507,Customer_1507,customer1507@mail.com,storing,Maize,2023-08-13,2023-08-23,38,1900,10,29,367.33,yes,40,76000,2023-08-23,75632.67
1413,Customer_1413,customer1413@mail.com,sold,Wheat,2023-03-02,2023-03-30,187,9350,28,39,6806.8,partial,25,0,2023-03-30,-6806.8
1197,Customer_1197,customer1197@mail.com,storing,Sorghum,2023-12-21,2024-01-10,31,1550,20,56,1157.33,no,44,0,2024-01-10,-1157.33
422,Customer_422,customer422@mail.com,sold,Maize,2024-07-06,2024-10-08,156,3900,94,24,11731.2,yes,30,0,2024-10-08,-11731.2
384,Customer_384,customer384@mail.com,stored,Millet,2023-01-01,2023-05-16,96,2400,135,31,13392.0,partial,37,0,2023-05-16,-13392.0
1043,Customer_1043,customer1043@mail.com,sold,Barley,2023-09-28,2023-12-01,130,3250,64,45,12480.0,no,51,0,2023-12-01,-12480.0
794,Customer_794,customer794@mail.com,stored,Sorghum,2023-08-17,2024-01-05,163,8150,141,21,16088.1,no,36,0,2024-01-05,-16088.1
440,Customer_440,customer440@mail.com,storing,Millet,2023-05-16,2023-11-10,49,2450,178,57,16571.8,no,39,0,2023-11-10,-16571.8
541,Customer_541,customer541@mail.com,stored,Millet,2024-01-04,2024-06-23,100,2500,171,29,16530.0,yes,54,0,2024-06-23,-16530.0
1661,Customer_1661,customer1661@mail.com,sold,Maize,2024-06-25,2024-10-03,181,9050,100,39,23530.0,partial,48,0,2024-10-03,-23530.0
738,Customer_738,customer738@mail.com,stored,Maize,2024-07-22,2024-10-02,189,9450,72,41,18597.6,no,36,340200,2024-10-02,321602.4
864,Customer_864,customer864@mail.com,sold,Barley,2024-06-03,2024-10-17,40,1000,136,31,5621.33,no,37,0,2024-10-17,-5621.33
420,Customer_420,customer420@mail.com,stored,Maize,2023-08-28,2023-11-17,67,1675,81,48,8683.2,yes,25,41875,2023-11-17,33191.8
233,Customer_233,customer233@mail.com,storing,Rice,2023-09-21,2024-02-21,188,4700,153,44,42187.2,no,42,197400,2024-02-21,155212.8
499,Customer_499,customer499@mail.com,sold,Rice,2023-05-21,2023-08-20,102,5100,91,44,13613.6,partial,40,204000,2023-08-20,190386.4
1744,Customer_1744,customer1744@mail.com,stored,Maize,2023-04-17,2023-05-21,195,9750,34,53,11713.0,partial,50,0,2023-05-21,-11713.0
648,Customer_648,customer648@mail.com,sold,Barley,2024-02-26,2024-03-12,165,8250,15,57,4702.5,partial,52,429000,2024-03-12,424297.5
1563,Customer_1563,customer1563@mail.com,stored,Maize,2024-04-07,2024-07-19,128,6400,103,29,12744.53,no,32,204800,2024-07-19,192055.47
1928,Customer_1928,customer1928@mail.com,storing,Rice,2024-02-04,2024-05-21,14,350,107,58,2896.13,no,39,0,2024-05-21,-2896.13
1813,Customer_1813,customer1813@mail.com,stored,Rice,2023-06-07,2023-06-27,62,3100,20,49,2025.33,no,52,161200,2023-06-27,159174.67
488,Customer_488,customer488@mail.com,sold,Wheat,2023-07-29,2023-10-16,116,2900,79,42,12829.6,partial,47,136300,2023-10-16,123470.4
190,Customer_190,customer190@mail.com,sold,Sorghum,2024-05-21,2024-06-08,38,1900,18,25,570.0,no,37,0,2024-06-08,-570.0
1528,Customer_1528,customer1528@mail.com,stored,Sorghum,2023-09-07,2024-01-27,196,4900,142,21,19482.4,yes,40,196000,2024-01-27,176517.6
508,Customer_508,customer508@mail.com,stored,Millet,2023-10-07,2023-10-25,151,7550,18,31,2808.6,yes,32,241600,2023-10-25,238791.4
1256,Customer_1256,customer1256@mail.com,stored,Sorghum,2023-02-18,2023-08-11,179,8950,174,44,45680.8,no,27,0,2023-08-11,-45680.8
161,Customer_161,customer161@mail.com,stored,Sorghum,2024-04-17,2024-05-09,70,1750,22,55,2823.33,partial,52,0,2024-05-09,-2823.33
1218,Customer_1218,customer1218@mail.com,stored,Sorghum,2024-02-15,2024-06-22,193,9650,128,37,30468.27,partial,29,279850,2024-06-22,249381.73
962,Customer_962,customer962@mail.com,sold,Maize,2024-07-22,2024-11-16,102,5100,117,58,23072.4,partial,27,0,2024-11-16,-23072.4
1465,Customer_1465,customer1465@mail.com,sold,Sorghum,2023-09-25,2023-11-18,162,4050,54,51,14871.6,no,25,0,2023-11-18,-14871.6
1294,Customer_1294,customer1294@mail.com,storing,Millet,2023-07-12,2023-12-03,188,4700,144,40,36096.0,no,44,0,2023-12-03,-36096.0
1057,Customer_1057,customer1057@mail.com,storing,Wheat,2023-04-15,2023-06-19,54,1350,65,38,4446.0,no,42,0,2023-06-19,-4446.0
671,Customer_671,customer671@mail.com,storing,Maize,2024-07-04,2024-12-24,13,325,173,45,3373.5,no,55,17875,2024-12-24,14501.5
605,Customer_605,customer605@mail.com,storing,Maize,2024-02-20,2024-04-22,130,6500,62,59,15851.33,yes,34,0,2024-04-22,-15851.33
876,Customer_876,customer876@mail.com,sold,Sorghum,2024-05-29,2024-08-26,75,1875,89,36,8010.0,no,31,58125,2024-08-26,50115.0
1153,Customer_1153,customer1153@mail.com,storing,Sorghum,2023-12-05,2024-02-23,83,4150,80,31,6861.33,no,34,141100,2024-02-23,134238.67
389,Customer_389,customer389@mail.com,sold,Maize,2024-01-12,2024-05-08,49,2450,117,23,4395.3,partial,33,0,2024-05-08,-4395.3
1429,Customer_1429,customer1429@mail.com,stored,Sorghum,2023-08-20,2023-12-04,155,3875,106,53,29026.33,partial,39,151125,2023-12-04,122098.67
182,Customer_182,customer182@mail.com,sold,Rice,2024-08-14,2025-02-08,41,1025,178,42,10217.2,yes,48,0,2025-02-08,-10217.2
280,Customer_280,customer280@mail.com,stored,Maize,2024-08-14,2024-10-20,41,2050,67,35,3204.83,no,33,0,2024-10-20,-3204.83
383,Customer_383,customer383@mail.com,stored,Millet,2023-02-25,2023-06-12,173,8650,107,28,17276.93,partial,52,449800,2023-06-12,432523.07
1904,Customer_1904,customer1904@mail.com,storing,Sorghum,2023-11-02,2023-12-14,107,2675,42,56,8388.8,no,32,0,2023-12-14,-8388.8
754,Customer_754,customer754@mail.com,sold,Barley,2023-06-05,2023-11-12,62,3100,160,57,18848.0,partial,38,117800,2023-11-12,98952.0
648,Customer_648,customer648@mail.com,stored,Millet,2023-02-16,2023-03-13,124,6200,25,46,4753.33,yes,43,266600,2023-03-13,261846.67
119,Customer_119,customer119@mail.com,storing,Rice,2023-12-14,2024-03-26,68,1700,103,36,8404.8,no,39,0,2024-03-26,-8404.8
516,Customer_516,customer516@mail.com,storing,Rice,2023-06-13,2023-08-30,172,8600,78,38,16993.6,partial,32,0,2023-08-30,-16993.6
1670,Customer_1670,customer1670@mail.com,stored,Sorghum,2024-07-19,2024-09-17,190,4750,60,24,9120.0,no,43,204250,2024-09-17,195130.0
1384,Customer_1384,customer1384@mail.com,stored,Wheat,2024-03-17,2024-07-15,106,2650,120,36,15264.0,no,32,0,2024-07-15,-15264.0
1580,Customer_1580,customer1580@mail.com,sold,Rice,2024-02-14,2024-05-02,12,300,78,21,655.2,partial,47,0,2024-05-02,-655.2
1064,Customer_1064,customer1064@mail.com,storing,Rice,2023-07-18,2023-09-15,77,3850,59,28,4240.13,partial,39,0,2023-09-15,-4240.13
1706,Customer_1706,customer1706@mail.com,sold,Wheat,2024-03-25,2024-08-20,49,1225,148,57,13778.8,partial,48,58800,2024-08-20,45021.2
925,Customer_925,customer925@mail.com,stored,Maize,2024-05-08,2024-08-06,106,2650,90,34,10812.0,yes,27,0,2024-08-06,-10812.0
535,Customer_535,customer535@mail.com,storing,Maize,2024-08-04,2024-08-22,134,6700,18,22,1768.8,partial,50,0,2024-08-22,-1768.8
313,Customer_313,customer313@mail.com,stored,Sorghum,2023-11-16,2024-05-14,122,3050,180,37,27084.0,no,35,0,2024-05-14,-27084.0
796,Customer_796,customer796@mail.com,storing,Rice,2023-01-04,2023-04-12,119,2975,98,48,18659.2,partial,46,0,2023-04-12,-18659.2
1145,Customer_1145,customer1145@mail.com,storing,Maize,2024-01-21,2024-05-30,135,3375,130,59,34515.0,partial,52,0,2024-05-30,-34515.0
1161,Customer_1161,customer1161@mail.com,storing,Millet,2024-05-01,2024-07-13,106,5300,73,50,12896.67,yes,51,270300,2024-07-13,257403.33
152,Customer_152,customer152@mail.com,storing,Sorghum,2024-03-21,2024-06-21,67,1675,92,26,5342.13,yes,35,0,2024-06-21,-5342.13
1383,Customer_1383,customer1383@mail.com,stored,Rice,2023-01-06,2023-03-30,166,4150,83,38,17452.13,partial,41,170150,2023-03-30,152697.87
1137,Customer_1137,customer1137@mail.com,storing,Barley,2023-02-28,2023-05-20,115,5750,81,59,18319.5,partial,35,0,2023-05-20,-18319.5
1577,Customer_1577,customer1577@mail.com,sold,Rice,2023-04-07,2023-06-27,121,3025,81,54,17641.8,partial,50,151250,2023-06-27,133608.2
1929,Customer_1929,customer1929@mail.com,storing,Maize,2023-08-01,2024-01-27,43,1075,179,35,8979.83,no,48,51600,2024-01-27,42620.17
14,Customer_14,customer14@mail.com,storing,Rice,2023-03-14,2023-04-03,47,1175,20,28,877.33,yes,29,0,2023-04-03,-877.33
583,Customer_583,customer583@mail.com,storing,Rice,2024-01-03,2024-06-08,190,9500,157,44,43750.67,no,50,475000,2024-06-08,431249.33
1379,Customer_1379,customer1379@mail.com,stored,Rice,2024-08-12,2024-08-30,123,6150,18,33,2435.4,no,25,0,2024-08-30,-2435.4
1151,Customer_1151,customer1151@mail.com,stored,Sorghum,2024-01-08,2024-05-19,173,4325,132,32,24358.4,partial,27,0,2024-05-19,-24358.4
983,Customer_983,customer983@mail.com,stored,Maize,2023-06-12,2023-10-16,17,850,126,29,2070.6,no,36,0,2023-10-16,-2070.6
569,Customer_569,customer569@mail.com,sold,Millet,2023-04-09,2023-07-14,72,1800,96,38,8755.2,no,39,70200,2023-07-14,61444.8
661,Customer_661,customer661@mail.com,storing,Sorghum,2023-06-27,2023-08-31,166,8300,65,38,13667.33,no,49,0,2023-08-31,-13667.33
1770,Customer_1770,customer1770@mail.com,stored,Millet,2024-06-25,2024-07-26,72,3600,31,24,1785.6,yes,50,0,2024-07-26,-1785.6
1807,Customer_1807,customer1807@mail.com,sold,Maize,2024-04-23,2024-06-09,56,1400,47,51,4474.4,yes,30,0,2024-06-09,-4474.4
283,Customer_283,customer283@mail.com,storing,Barley,2023-02-08,2023-03-07,82,4100,27,25,1845.0,partial,49,0,2023-03-07,-1845.0
1248,Customer_1248,customer1248@mail.com,storing,Rice,2023-09-13,2023-12-18,65,1625,96,26,5408.0,no,36,0,2023-12-18,-5408.0
1728,Customer_1728,customer1728@mail.com,stored,Maize,2024-03-19,2024-05-15,198,4950,57,51,19186.2,partial,50,0,2024-05-15,-19186.2
1284,Customer_1284,customer1284@mail.com,sold,Wheat,2023-11-15,2024-02-07,78,3900,84,58,12667.2,no,49,191100,2024-02-07,178432.8
1671,Customer_1671,customer1671@mail.com,sold,Barley,2023-12-09,2024-02-12,80,2000,65,40,6933.33,partial,47,0,2024-02-12,-6933.33
994,Customer_994,customer994@mail.com,stored,Rice,2024-05-16,2024-11-08,166,4150,176,23,22398.93,yes,34,141100,2024-11-08,118701.07
514,Customer_514,customer514@mail.com,stored,Barley,2024-05-16,2024-11-08,171,4275,176,45,45144.0,no,35,149625,2024-11-08,104481.0
729,Customer_729,customer729@mail.com,storing,Wheat,2024-06-08,2024-11-08,121,6050,153,50,30855.0,no,39,0,2024-11-08,-30855.0
755,Customer_755,customer755@mail.com,storing,Sorghum,2024-04-23,2024-07-01,168,4200,69,45,17388.0,yes,41,172200,2024-07-01,154812.0
750,Customer_750,customer750@mail.com,stored,Barley,2023-11-05,2024-03-22,136,6800,138,45,28152.0,partial,52,0,2024-03-22,-28152.0
538,Customer_538,customer538@mail.com,sold,Barley,2023-11-28,2024-04-24,199,4975,148,21,20616.4,no,51,253725,2024-04-24,233108.6
1506,Customer_1506,customer1506@mail.com,sold,Barley,2023-06-04,2023-11-27,37,925,176,21,4558.4,yes,36,33300,2023-11-27,28741.6
1087,Customer_1087,customer1087@mail.com,sold,Maize,2024-01-15,2024-04-17,96,4800,93,41,12201.6,yes,41,196800,2024-04-17,184598.4
1263,Customer_1263,customer1263@mail.com,sold,Rice,2024-08-01,2024-09-17,45,2250,47,53,3736.5,yes,28,63000,2024-09-17,59263.5
1014,Customer_1014,customer1014@mail.com,storing,Millet,2023-08-20,2023-10-11,146,3650,52,21,5314.4,yes,28,0,2023-10-11,-5314.4
1194,Customer_1194,customer1194@mail.com,stored,Rice,2023-11-04,2024-01-28,163,8150,85,56,25862.67,yes,41,0,2024-01-28,-25862.67
1137,Customer_1137,customer1137@mail.com,sold,Wheat,2023-04-30,2023-10-13,69,1725,166,48,18326.4,yes,26,44850,2023-10-13,26523.6
1006,Customer_1006,customer1006@mail.com,storing,Barley,2023-05-23,2023-10-27,151,3775,157,56,44253.07,yes,31,117025,2023-10-27,72771.93
300,Customer_300,customer300@mail.com,storing,Rice,2024-04-26,2024-10-06,34,1700,163,45,8313.0,yes,25,0,2024-10-06,-8313.0
239,Customer_239,customer239@mail.com,storing,Rice,2023-04-24,2023-10-07,26,1300,166,37,5323.07,no,28,36400,2023-10-07,31076.93
118,Customer_118,customer118@mail.com,sold,Barley,2023-03-24,2023-06-21,97,4850,89,45,12949.5,yes,52,0,2023-06-21,-12949.5
862,Customer_862,customer862@mail.com,stored,Millet,2023-11-15,2024-05-12,72,1800,179,47,20191.2,yes,42,0,2024-05-12,-20191.2
17,Customer_17,customer17@mail.com,storing,Barley,2023-08-31,2024-01-28,108,2700,150,46,24840.0,no,29,78300,2024-01-28,53460.0
1501,Customer_1501,customer1501@mail.com,storing,Sorghum,2024-06-03,2024-09-28,54,2700,117,25,5265.0,no,33,89100,2024-09-28,83835.0
623,Customer_623,customer623@mail.com,stored,Rice,2024-05-17,2024-06-10,94,2350,24,26,1955.2,yes,38,89300,2024-06-10,87344.8
119,Customer_119,customer119@mail.com,stored,Millet,2023-10-29,2023-11-12,41,1025,14,51,975.8,no,43,0,2023-11-12,-975.8
1306,Customer_1306,customer1306@mail.com,sold,Wheat,2023-01-15,2023-02-07,166,4150,23,25,3181.67,yes,53,0,2023-02-07,-3181.67
827,Customer_827,customer827@mail.com,sold,Wheat,2024-02-24,2024-05-27,56,1400,93,40,6944.0,yes,39,0,2024-05-27,-6944.0
963,Customer_963,customer963@mail.com,storing,Barley,2023-11-15,2024-01-11,15,375,57,35,997.5,no,41,15375,2024-01-11,14377.5
1440,Customer_1440,customer1440@mail.com,stored,Maize,2024-02-26,2024-04-27,87,4350,61,41,7252.9,yes,43,0,2024-04-27,-7252.9
243,Customer_243,customer243@mail.com,storing,Barley,2024-02-29,2024-06-21,179,4475,113,50,33711.67,partial,41,183475,2024-06-21,149763.33
185,Customer_185,customer185@mail.com,storing,Rice,2023-03-11,2023-08-03,196,9800,145,48,45472.0,no,38,372400,2023-08-03,326928.0
165,Customer_165,customer165@mail.com,stored,Rice,2023-10-21,2024-04-01,82,2050,163,60,26732.0,yes,51,0,2024-04-01,-26732.0
1504,Customer_1504,customer1504@mail.com,stored,Barley,2024-03-22,2024-05-15,188,4700,54,36,12182.4,no,44,0,2024-05-15,-12182.4
333,Customer_333,customer333@mail.com,storing,Millet,2023-02-06,2023-07-29,190,4750,173,60,65740.0,partial,26,0,2023-07-29,-65740.0
48,Customer_48,customer48@mail.com,sold,Barley,2024-03-28,2024-07-20,120,6000,114,48,21888.0,yes,31,0,2024-07-20,-21888.0
1187,Customer_1187,customer1187@mail.com,storing,Wheat,2023-01-12,2023-04-02,153,7650,80,34,13872.0,yes,55,0,2023-04-02,-13872.0
924,Customer_924,customer924@mail.com,sold,Rice,2024-01-20,2024-05-28,12,600,129,21,1083.6,partial,35,21000,2024-05-28,19916.4
1022,Customer_1022,customer1022@mail.com,storing,Millet,2023-03-21,2023-04-17,90,2250,27,34,2754.0,no,34,76500,2023-04-17,73746.0
1737,Customer_1737,customer1737@mail.com,stored,Maize,2023-02-24,2023-05-07,35,875,72,58,4872.0,yes,52,0,2023-05-07,-4872.0
1738,Customer_1738,customer1738@mail.com,sold,Rice,2024-05-10,2024-06-22,187,4675,43,46,12329.53,no,36,168300,2024-06-22,155970.47
141,Customer_141,customer141@mail.com,sold,Millet,2023-03-26,2023-06-20,47,2350,86,40,5389.33,no,55,0,2023-06-20,-5389.33
1606,Customer_1606,customer1606@mail.com,stored,Rice,2023-07-05,2023-09-25,130,3250,82,56,19898.67,partial,48,156000,2023-09-25,136101.33
1926,Customer_1926,customer1926@mail.com,storing,Millet,2024-03-06,2024-08-13,133,6650,160,43,30501.33,partial,43,0,2024-08-13,-30501.33
11,Customer_11,customer11@mail.com,storing,Rice,2024-07-05,2024-10-18,40,1000,105,41,5740.0,yes,29,29000,2024-10-18,23260.0
1137,Customer_1137,customer1137@mail.com,stored,Millet,2023-12-06,2024-06-02,102,2550,179,34,20692.4,yes,29,73950,2024-06-02,53257.6
1525,Customer_1525,customer1525@mail.com,stored,Sorghum,2023-04-06,2023-08-22,136,3400,138,44,27526.4,no,47,159800,2023-08-22,132273.6
786,Customer_786,customer786@mail.com,storing,Millet,2024-02-18,2024-08-12,97,2425,176,22,12519.47,yes,48,0,2024-08-12,-12519.47
295,Customer_295,customer295@mail.com,stored,Barley,2023-08-28,2023-09-18,155,3875,21,39,4231.5,no,30,116250,2023-09-18,112018.5
102,Customer_102,customer102@mail.com,sold,Wheat,2024-04-13,2024-07-12,145,7250,90,49,21315.0,yes,25,181250,2024-07-12,159935.0
1705,Customer_1705,customer1705@mail.com,storing,Millet,2023-11-19,2023-12-31,29,1450,42,56,2273.6,partial,26,0,2023-12-31,-2273.6
1545,Customer_1545,customer1545@mail.com,sold,Millet,2023-11-18,2024-05-13,110,2750,177,31,20119.0,partial,35,96250,2024-05-13,76131.0
629,Customer_629,customer629@mail.com,stored,Rice,2023-12-30,2024-04-28,107,5350,120,22,9416.0,partial,39,208650,2024-04-28,199234.0
1161,Customer_1161,customer1161@mail.com,storing,Barley,2023-05-22,2023-06-20,134,6700,29,60,7772.0,yes,40,0,2023-06-20,-7772.0
671,Customer_671,customer671@mail.com,stored,Barley,2023-04-23,2023-07-22,20,1000,90,46,2760.0,no,30,30000,2023-07-22,27240.0
593,Customer_593,customer593@mail.com,stored,Millet,2023-01-29,2023-03-16,120,6000,46,27,4968.0,yes,29,174000,2023-03-16,169032.0
1556,Customer_1556,customer1556@mail.com,sold,Rice,2024-02-14,2024-06-21,197,4925,128,37,31099.73,partial,46,226550,2024-06-21,195450.27
1666,Customer_1666,customer1666@mail.com,storing,Millet,2024-04-02,2024-05-18,183,4575,46,21,5892.6,no,28,0,2024-05-18,-5892.6
904,Customer_904,customer904@mail.com,storing,Millet,2023-01-22,2023-03-02,163,8150,39,36,7628.4,yes,55,0,2023-03-02,-7628.4
240,Customer_240,customer240@mail.com,stored,Maize,2024-05-30,2024-09-23,165,4125,116,21,13398.0,no,40,165000,2024-09-23,151602.0
984,Customer_984,customer984@mail.com,stored,Barley,2024-01-20,2024-03-04,30,1500,44,35,1540.0,yes,49,0,2024-03-04,-1540.0
1618,Customer_1618,customer1618@mail.com,storing,Rice,2023-11-25,2024-02-27,43,1075,94,54,7275.6,partial,48,0,2024-02-27,-7275.6
1399,Customer_1399,customer1399@mail.com,storing,Wheat,2023-05-16,2023-06-18,179,8950,33,41,8072.9,partial,37,0,2023-06-18,-8072.9
1682,Customer_1682,customer1682@mail.com,stored,Sorghum,2023-04-12,2023-05-13,122,6100,31,57,7185.8,yes,39,0,2023-05-13,-7185.8
1398,Customer_1398,customer1398@mail.com,storing,Barley,2023-06-27,2023-07-24,195,4875,27,56,9828.0,partial,50,0,2023-07-24,-9828.0
487,Customer_487,customer487@mail.com,sold,Maize,2023-08-03,2023-11-14,36,1800,103,45,5562.0,no,36,64800,2023-11-14,59238.0
859,Customer_859,customer859@mail.com,stored,Millet,2023-10-19,2023-11-04,13,325,16,49,339.73,no,39,12675,2023-11-04,12335.27
811,Customer_811,customer811@mail.com,stored,Maize,2024-07-26,2025-01-01,32,800,159,30,5088.0,yes,40,32000,2025-01-01,26912.0
671,Customer_671,customer671@mail.com,stored,Rice,2024-01-07,2024-03-21,162,8100,74,52,20779.2,yes,36,291600,2024-03-21,270820.8
1519,Customer_1519,customer1519@mail.com,stored,Barley,2024-02-04,2024-03-23,174,4350,48,35,9744.0,no,43,187050,2024-03-23,177306.0
1556,Customer_1556,customer1556@mail.com,stored,Millet,2024-07-09,2024-10-14,122,6100,97,37,14595.27,no,34,207400,2024-10-14,192804.73
815,Customer_815,customer815@mail.com,stored,Sorghum,2023-12-19,2024-05-17,25,625,150,60,7500.0,no,43,0,2024-05-17,-7500.0
1433,Customer_1433,customer1433@mail.com,sold,Barley,2023-07-30,2023-08-30,148,7400,31,45,6882.0,yes,25,185000,2023-08-30,178118.0
516,Customer_516,customer516@mail.com,sold,Barley,2023-07-05,2023-11-20,133,3325,138,27,16518.6,yes,25,0,2023-11-20,-16518.6
1002,Customer_1002,customer1002@mail.com,stored,Barley,2023-09-10,2023-12-07,143,3575,88,30,12584.0,partial,45,0,2023-12-07,-12584.0
565,Customer_565,customer565@mail.com,sold,Rice,2023-12-08,2024-04-12,64,3200,126,38,10214.4,no,36,115200,2024-04-12,104985.6
551,Customer_551,customer551@mail.com,storing,Millet,2023-12-04,2024-02-01,160,8000,59,57,17936.0,no,55,0,2024-02-01,-17936.0
1097,Customer_1097,customer1097@mail.com,sold,Barley,2024-03-16,2024-04-06,171,8550,21,21,2513.7,yes,28,239400,2024-04-06,236886.3
394,Customer_394,customer394@mail.com,storing,Rice,2024-02-03,2024-03-30,200,10000,56,38,14186.67,no,45,450000,2024-03-30,435813.33
1589,Customer_1589,customer1589@mail.com,storing,Sorghum,2024-03-28,2024-06-07,133,3325,71,40,12590.67,no,42,0,2024-06-07,-12590.67
1721,Customer_1721,customer1721@mail.com,storing,Sorghum,2023-06-15,2023-07-16,159,7950,31,24,3943.2,partial,45,0,2023-07-16,-3943.2
1422,Customer_1422,customer1422@mail.com,stored,Maize,2023-02-01,2023-06-19,200,5000,138,53,48760.0,partial,35,0,2023-06-19,-48760.0
27,Customer_27,customer27@mail.com,sold,Rice,2023-07-03,2023-07-14,98,4900,11,32,1149.87,partial,50,0,2023-07-14,-1149.87
1197,Customer_1197,customer1197@mail.com,sold,Sorghum,2024-05-22,2024-08-16,100,5000,86,44,12613.33,no,51,0,2024-08-16,-12613.33
686,Customer_686,customer686@mail.com,stored,Sorghum,2024-05-05,2024-10-30,25,1250,178,54,8010.0,yes,39,0,2024-10-30,-8010.0
200,Customer_200,customer200@mail.com,sold,Millet,2023-03-19,2023-09-04,110,2750,169,34,21068.67,yes,26,71500,2023-09-04,50431.33
1563,Customer_1563,customer1563@mail.com,sold,Barley,2023-10-24,2024-03-09,86,4300,137,34,13352.93,yes,50,0,2024-03-09,-13352.93
64,Customer_64,customer64@mail.com,storing,Millet,2024-06-29,2024-10-30,131,3275,123,40,21484.0,no,35,0,2024-10-30,-21484.0
440,Customer_440,customer440@mail.com,stored,Millet,2023-03-28,2023-04-27,185,4625,30,54,9990.0,yes,35,161875,2023-04-27,151885.0
732,Customer_732,customer732@mail.com,sold,Millet,2024-07-29,2025-01-13,13,650,168,55,4004.0,yes,46,29900,2025-01-13,25896.0
506,Customer_506,customer506@mail.com,sold,Sorghum,2023-05-21,2023-09-17,151,3775,119,26,15573.13,partial,52,0,2023-09-17,-15573.13
971,Customer_971,customer971@mail.com,sold,Sorghum,2023-10-16,2024-01-19,135,3375,95,27,11542.5,no,44,0,2024-01-19,-11542.5
1873,Customer_1873,customer1873@mail.com,storing,Sorghum,2024-06-19,2024-09-28,113,5650,101,21,7989.1,yes,28,158200,2024-09-28,150210.9
1495,Customer_1495,customer1495@mail.com,storing,Barley,2024-03-31,2024-09-18,44,1100,171,34,8527.2,partial,53,0,2024-09-18,-8527.2
834,Customer_834,customer834@mail.com,sold,Wheat,2023-05-11,2023-06-22,164,8200,42,27,6199.2,no,55,0,2023-06-22,-6199.2
1952,Customer_1952,customer1952@mail.com,sold,Rice,2023-04-11,2023-09-26,185,9250,168,43,44548.0,no,25,231250,2023-09-26,186702.0
348,Customer_348,customer348@mail.com,storing,Millet,2023-09-21,2024-02-24,158,3950,156,43,35328.8,yes,26,0,2024-02-24,-35328.8
614,Customer_614,customer614@mail.com,stored,Barley,2023-04-19,2023-08-01,29,1450,104,59,5931.47,no,45,0,2023-08-01,-5931.47
1157,Customer_1157,customer1157@mail.com,storing,Millet,2023-08-15,2023-10-07,115,5750,53,21,4266.5,yes,25,143750,2023-10-07,139483.5
1070,Customer_1070,customer1070@mail.com,sold,Barley,2023-08-06,2023-12-08,184,4600,124,31,23576.53,partial,38,174800,2023-12-08,151223.47
1121,Customer_1121,customer1121@mail.com,sold,Rice,2024-07-28,2024-11-01,139,3475,96,35,15568.0,partial,52,180700,2024-11-01,165132.0
1952,Customer_1952,customer1952@mail.com,sold,Sorghum,2023-06-22,2023-08-27,28,700,66,42,2587.2,partial,34,0,2023-08-27,-2587.2
1209,Customer_1209,customer1209@mail.com,sold,Rice,2024-04-22,2024-10-14,117,2925,175,28,19110.0,no,54,157950,2024-10-14,138840.0
1008,Customer_1008,customer1008@mail.com,stored,Rice,2023-03-04,2023-05-08,123,6150,65,35,9327.5,no,39,0,2023-05-08,-9327.5
627,Customer_627,customer627@mail.com,stored,Wheat,2023-12-03,2023-12-28,53,1325,25,48,2120.0,no,33,0,2023-12-28,-2120.0
198,Customer_198,customer198@mail.com,sold,Rice,2023-01-24,2023-07-05,51,1275,162,30,8262.0,partial,27,34425,2023-07-05,26163.0
587,Customer_587,customer587@mail.com,stored,Millet,2023-03-25,2023-05-04,118,2950,40,47,7394.67,partial,25,73750,2023-05-04,66355.33
844,Customer_844,customer844@mail.com,sold,Maize,2023-08-05,2023-10-16,167,4175,72,37,14829.6,no,40,167000,2023-10-16,152170.4
250,Customer_250,customer250@mail.com,storing,Sorghum,2023-01-18,2023-06-13,134,6700,146,60,39128.0,partial,32,214400,2023-06-13,175272.0
767,Customer_767,customer767@mail.com,stored,Barley,2023-06-11,2023-10-21,73,3650,132,25,8030.0,partial,54,197100,2023-10-21,189070.0
54,Customer_54,customer54@mail.com,sold,Maize,2023-11-23,2024-04-12,99,4950,141,36,16750.8,no,50,247500,2024-04-12,230749.2
252,Customer_252,customer252@mail.com,stored,Maize,2024-07-21,2024-08-07,46,1150,17,44,1146.93,yes,41,0,2024-08-07,-1146.93
1431,Customer_1431,customer1431@mail.com,stored,Wheat,2024-03-02,2024-07-08,143,7150,128,43,26235.73,no,45,0,2024-07-08,-26235.73
140,Customer_140,customer140@mail.com,stored,Millet,2023-02-08,2023-04-11,155,3875,62,54,17298.0,no,51,197625,2023-04-11,180327.0
418,Customer_418,customer418@mail.com,sold,Barley,2023-10-23,2024-03-26,50,1250,155,44,11366.67,yes,40,50000,2024-03-26,38633.33
564,Customer_564,customer564@mail.com,stored,Rice,2023-07-21,2023-09-29,162,8100,70,56,21168.0,no,36,291600,2023-09-29,270432.0
68,Customer_68,customer68@mail.com,stored,Barley,2024-04-08,2024-05-07,72,1800,29,54,3758.4,no,44,0,2024-05-07,-3758.4
1956,Customer_1956,customer1956@mail.com,storing,Sorghum,2024-07-20,2024-08-15,90,2250,26,31,2418.0,no,44,99000,2024-08-15,96582.0
1255,Customer_1255,customer1255@mail.com,stored,Rice,2023-10-17,2024-02-23,111,2775,129,42,20046.6,no,27,0,2024-02-23,-20046.6
1511,Customer_1511,customer1511@mail.com,stored,Barley,2023-10-15,2024-01-16,152,3800,93,25,11780.0,partial,27,102600,2024-01-16,90820.0
282,Customer_282,customer282@mail.com,stored,Barley,2023-08-25,2023-11-18,110,2750,85,48,14960.0,yes,38,104500,2023-11-18,89540.0
1398,Customer_1398,customer1398@mail.com,sold,Barley,2023-05-26,2023-09-16,117,2925,113,53,23357.1,yes,29,84825,2023-09-16,61467.9
321,Customer_321,customer321@mail.com,stored,Wheat,2023-10-10,2023-11-18,15,750,39,34,663.0,partial,44,33000,2023-11-18,32337.0
403,Customer_403,customer403@mail.com,sold,Rice,2024-07-16,2025-01-02,176,8800,170,43,42885.33,no,32,281600,2025-01-02,238714.67
400,Customer_400,customer400@mail.com,storing,Millet,2023-12-02,2024-04-11,113,5650,131,51,25165.1,no,52,293800,2024-04-11,268634.9
607,Customer_607,customer607@mail.com,sold,Millet,2023-04-24,2023-09-12,106,5300,141,43,21422.6,yes,40,212000,2023-09-12,190577.4
1940,Customer_1940,customer1940@mail.com,sold,Barley,2024-02-08,2024-02-20,89,4450,12,32,1139.2,yes,32,0,2024-02-20,-1139.2
179,Customer_179,customer179@mail.com,sold,Rice,2023-10-29,2024-03-18,62,1550,141,26,7576.4,no,44,68200,2024-03-18,60623.6
1700,Customer_1700,customer1700@mail.com,storing,Maize,2023-09-28,2024-01-19,175,8750,113,43,28344.17,partial,38,0,2024-01-19,-28344.17
1391,Customer_1391,customer1391@mail.com,sold,Wheat,2023-01-12,2023-02-28,75,3750,47,60,7050.0,partial,40,150000,2023-02-28,142950.0
1576,Customer_1576,customer1576@mail.com,sold,Maize,2023-11-05,2024-02-02,22,550,89,60,3916.0,no,42,0,2024-02-02,-3916.0
141,Customer_141,customer141@mail.com,sold,Rice,2023-01-09,2023-03-13,49,1225,63,56,5762.4,no,51,0,2023-03-13,-5762.4
1801,Customer_1801,customer1801@mail.com,stored,Barley,2023-06-23,2023-09-15,113,5650,84,55,17402.0,no,52,293800,2023-09-15,276398.0
406,Customer_406,customer406@mail.com,stored,Rice,2023-05-15,2023-09-14,150,7500,122,37,22570.0,no,37,0,2023-09-14,-22570.0
569,Customer_569,customer569@mail.com,storing,Barley,2024-02-03,2024-02-15,139,3475,12,36,2001.6,yes,28,97300,2024-02-15,95298.4
1709,Customer_1709,customer1709@mail.com,sold,Sorghum,2023-02-04,2023-04-24,23,1150,79,26,1574.73,partial,25,0,2023-04-24,-1574.73
460,Customer_460,customer460@mail.com,stored,Rice,2023-04-20,2023-05-03,52,1300,13,47,1059.07,yes,55,71500,2023-05-03,70440.93
888,Customer_888,customer888@mail.com,sold,Barley,2024-05-09,2024-07-27,99,2475,79,30,7821.0,partial,55,136125,2024-07-27,128304.0
689,Customer_689,customer689@mail.com,sold,Rice,2023-10-13,2023-12-02,65,3250,50,22,2383.33,partial,45,0,2023-12-02,-2383.33
1365,Customer_1365,customer1365@mail.com,stored,Millet,2024-01-26,2024-02-19,196,4900,24,60,9408.0,no,25,122500,2024-02-19,113092.0
102,Customer_102,customer102@mail.com,stored,Maize,2023-09-20,2023-11-19,120,3000,60,44,10560.0,no,26,78000,2023-11-19,67440.0
1018,Customer_1018,customer1018@mail.com,sold,Wheat,2023-08-13,2023-11-27,65,3250,106,36,8268.0,no,54,0,2023-11-27,-8268.0
1769,Customer_1769,customer1769@mail.com,sold,Millet,2023-07-30,2023-08-21,47,1175,22,23,792.73,partial,27,31725,2023-08-21,30932.27
1898,Customer_1898,customer1898@mail.com,storing,Wheat,2023-01-24,2023-04-11,127,6350,77,46,14994.47,partial,46,0,2023-04-11,-14994.47
1925,Customer_1925,customer1925@mail.com,stored,Sorghum,2024-05-05,2024-09-14,180,4500,132,59,46728.0,yes,54,0,2024-09-14,-46728.0
483,Customer_483,customer483@mail.com,stored,Wheat,2023-02-18,2023-05-31,52,2600,102,24,4243.2,partial,33,0,2023-05-31,-4243.2
1098,Customer_1098,customer1098@mail.com,sold,Rice,2024-07-16,2024-10-04,68,3400,80,23,4170.67,yes,46,156400,2024-10-04,152229.33
1947,Customer_1947,customer1947@mail.com,stored,Wheat,2024-03-02,2024-04-30,68,3400,59,40,5349.33,no,29,0,2024-04-30,-5349.33
1863,Customer_1863,customer1863@mail.com,sold,Maize,2024-01-14,2024-02-16,99,2475,33,33,3593.7,partial,40,0,2024-02-16,-3593.7
1340,Customer_1340,customer1340@mail.com,stored,Wheat,2023-09-11,2023-12-20,101,2525,100,46,15486.67,no,41,0,2023-12-20,-15486.67
855,Customer_855,customer855@mail.com,sold,Rice,2023-06-12,2023-09-30,36,1800,110,58,7656.0,yes,51,0,2023-09-30,-7656.0
713,Customer_713,customer713@mail.com,storing,Maize,2024-06-11,2024-09-03,46,2300,84,35,4508.0,partial,48,110400,2024-09-03,105892.0
118,Customer_118,customer118@mail.com,stored,Wheat,2023-02-16,2023-08-10,147,3675,175,25,21437.5,no,36,0,2023-08-10,-21437.5
1123,Customer_1123,customer1123@mail.com,sold,Maize,2024-07-06,2024-09-06,171,8550,62,31,10955.4,yes,35,0,2024-09-06,-10955.4
873,Customer_873,customer873@mail.com,stored,Rice,2024-01-29,2024-02-14,194,9700,16,60,6208.0,yes,29,0,2024-02-14,-6208.0
244,Customer_244,customer244@mail.com,storing,Millet,2023-07-26,2024-01-10,197,4925,168,50,55160.0,no,31,152675,2024-01-10,97515.0
522,Customer_522,customer522@mail.com,storing,Barley,2023-07-16,2023-09-19,112,2800,65,50,12133.33,no,25,0,2023-09-19,-12133.33
1050,Customer_1050,customer1050@mail.com,sold,Maize,2023-01-08,2023-02-23,180,4500,46,45,12420.0,partial,32,0,2023-02-23,-12420.0
827,Customer_827,customer827@mail.com,stored,Sorghum,2023-07-27,2023-11-25,112,2800,121,33,14907.2,no,41,0,2023-11-25,-14907.2
937,Customer_937,customer937@mail.com,storing,Rice,2023-03-28,2023-07-26,103,2575,120,27,11124.0,partial,30,0,2023-07-26,-11124.0
1205,Customer_1205,customer1205@mail.com,stored,Barley,2024-01-06,2024-01-27,132,6600,21,24,2217.6,yes,51,0,2024-01-27,-2217.6
1263,Customer_1263,customer1263@mail.com,storing,Millet,2024-05-10,2024-10-06,129,6450,149,34,21783.8,partial,41,0,2024-10-06,-21783.8
1294,Customer_1294,customer1294@mail.com,storing,Sorghum,2024-07-08,2024-07-22,199,9950,14,55,5107.67,partial,52,0,2024-07-22,-5107.67
380,Customer_380,customer380@mail.com,storing,Millet,2024-08-20,2024-12-03,36,900,105,22,2772.0,no,29,26100,2024-12-03,23328.0
1871,Customer_1871,customer1871@mail.com,stored,Wheat,2024-01-30,2024-03-11,126,3150,41,55,9471.0,yes,30,0,2024-03-11,-9471.0
912,Customer_912,customer912@mail.com,stored,Maize,2023-03-20,2023-07-08,38,950,110,28,3901.33,no,40,0,2023-07-08,-3901.33
1815,Customer_1815,customer1815@mail.com,sold,Maize,2023-02-14,2023-07-07,30,750,143,39,5577.0,no,51,38250,2023-07-07,32673.0
1323,Customer_1323,customer1323@mail.com,sold,Barley,2024-01-26,2024-05-13,61,1525,108,21,4611.6,yes,50,0,2024-05-13,-4611.6
1647,Customer_1647,customer1647@mail.com,storing,Millet,2024-05-18,2024-08-03,125,6250,77,29,9304.17,partial,38,0,2024-08-03,-9304.17
1488,Customer_1488,customer1488@mail.com,sold,Wheat,2023-07-14,2023-08-28,149,3725,45,34,7599.0,yes,49,0,2023-08-28,-7599.0
121,Customer_121,customer121@mail.com,sold,Sorghum,2023-10-23,2023-12-12,136,3400,50,42,9520.0,yes,52,176800,2023-12-12,167280.0
590,Customer_590,customer590@mail.com,sold,Wheat,2024-01-30,2024-04-27,28,700,88,55,4517.33,no,33,23100,2024-04-27,18582.67
1900,Customer_1900,customer1900@mail.com,storing,Rice,2024-04-22,2024-07-30,27,1350,99,53,4722.3,partial,40,0,2024-07-30,-4722.3
613,Customer_613,customer613@mail.com,sold,Barley,2023-01-24,2023-02-24,46,2300,31,44,2091.47,partial,52,119600,2023-02-24,117508.53
1936,Customer_1936,customer1936@mail.com,stored,Maize,2024-04-28,2024-08-19,187,4675,113,31,21835.37,no,53,0,2024-08-19,-21835.37
567,Customer_567,customer567@mail.com,stored,Wheat,2024-05-12,2024-07-16,58,1450,65,53,6660.33,no,51,73950,2024-07-16,67289.67
1619,Customer_1619,customer1619@mail.com,stored,Rice,2023-08-26,2023-12-31,139,6950,127,48,28244.8,no,42,291900,2023-12-31,263655.2
1413,Customer_1413,customer1413@mail.com,sold,Barley,2024-05-31,2024-06-23,143,7150,23,57,6249.1,no,44,0,2024-06-23,-6249.1
1397,Customer_1397,customer1397@mail.com,storing,Rice,2023-01-05,2023-04-08,92,2300,93,35,9982.0,partial,55,126500,2023-04-08,116518.0
383,Customer_383,customer383@mail.com,storing,Barley,2024-05-26,2024-10-02,90,4500,129,51,19737.0,no,54,0,2024-10-02,-19737.0
1053,Customer_1053,customer1053@mail.com,sold,Millet,2024-05-26,2024-08-10,177,4425,76,45,20178.0,no,36,159300,2024-08-10,139122.0
878,Customer_878,customer878@mail.com,sold,Maize,2024-06-04,2024-10-14,27,1350,132,31,3682.8,no,48,0,2024-10-14,-3682.8
608,Customer_608,customer608@mail.com,storing,Sorghum,2024-03-11,2024-03-28,179,8950,17,29,2941.57,yes,45,0,2024-03-28,-2941.57
372,Customer_372,customer372@mail.com,storing,Maize,2023-08-18,2024-01-25,134,6700,160,21,15008.0,no,49,328300,2024-01-25,313292.0
1624,Customer_1624,customer1624@mail.com,storing,Barley,2023-01-06,2023-05-19,118,2950,133,28,14647.73,yes,26,0,2023-05-19,-14647.73
74,Customer_74,customer74@mail.com,sold,Barley,2023-04-07,2023-07-05,104,2600,89,42,12958.4,no,30,78000,2023-07-05,65041.6
1200,Customer_1200,customer1200@mail.com,sold,Barley,2024-08-15,2025-01-10,185,4625,148,53,48371.33,no,35,0,2025-01-10,-48371.33
721,Customer_721,customer721@mail.com,stored,Sorghum,2023-11-21,2024-01-01,170,8500,41,41,9525.67,no,27,0,2024-01-01,-9525.67
1952,Customer_1952,customer1952@mail.com,sold,Wheat,2024-04-18,2024-06-12,173,4325,55,43,13638.17,no,38,0,2024-06-12,-13638.17
1440,Customer_1440,customer1440@mail.com,storing,Rice,2023-10-19,2023-11-15,155,7750,27,22,3069.0,yes,44,0,2023-11-15,-3069.0
1462,Customer_1462,customer1462@mail.com,sold,Rice,2024-02-28,2024-05-08,61,1525,70,44,6262.67,partial,35,0,2024-05-08,-6262.67
57,Customer_57,customer57@mail.com,storing,Maize,2024-05-20,2024-10-11,142,3550,144,59,40214.4,yes,44,156200,2024-10-11,115985.6
1586,Customer_1586,customer1586@mail.com,sold,Sorghum,2023-07-05,2023-11-22,189,4725,140,60,52920.0,no,34,0,2023-11-22,-52920.0
1936,Customer_1936,customer1936@mail.com,sold,Barley,2023-06-17,2023-10-13,172,4300,118,41,27737.87,yes,40,172000,2023-10-13,144262.13
956,Customer_956,customer956@mail.com,storing,Maize,2023-12-12,2024-04-23,24,600,133,45,4788.0,no,25,0,2024-04-23,-4788.0
931,Customer_931,customer931@mail.com,stored,Maize,2023-03-11,2023-06-27,195,4875,108,31,21762.0,partial,28,0,2023-06-27,-21762.0
1682,Customer_1682,customer1682@mail.com,sold,Millet,2024-05-20,2024-10-15,94,4700,148,59,27360.27,no,28,131600,2024-10-15,104239.73
1458,Customer_1458,customer1458@mail.com,storing,Wheat,2023-09-30,2024-01-04,19,475,96,29,1763.2,yes,42,19950,2024-01-04,18186.8
1259,Customer_1259,customer1259@mail.com,stored,Maize,2023-03-04,2023-08-17,58,1450,166,30,9628.0,no,38,55100,2023-08-17,45472.0
1028,Customer_1028,customer1028@mail.com,sold,Barley,2023-04-09,2023-09-20,124,3100,164,53,35926.93,partial,41,127100,2023-09-20,91173.07
1007,Customer_1007,customer1007@mail.com,sold,Sorghum,2023-11-20,2024-04-29,192,9600,161,45,46368.0,yes,35,336000,2024-04-29,289632.0
1304,Customer_1304,customer1304@mail.com,sold,Sorghum,2023-04-08,2023-05-08,177,4425,30,26,4602.0,no,54,238950,2023-05-08,234348.0
1038,Customer_1038,customer1038@mail.com,stored,Barley,2024-05-26,2024-11-06,74,3700,164,46,18608.53,yes,43,0,2024-11-06,-18608.53
1485,Customer_1485,customer1485@mail.com,storing,Sorghum,2024-07-18,2024-10-21,160,8000,95,45,22800.0,partial,44,0,2024-10-21,-22800.0
1875,Customer_1875,customer1875@mail.com,storing,Maize,2023-09-05,2024-02-16,122,6100,164,20,13338.67,partial,48,0,2024-02-16,-13338.67
1828,Customer_1828,customer1828@mail.com,storing,Wheat,2023-09-28,2023-10-11,140,7000,13,58,3518.67,yes,41,287000,2023-10-11,283481.33
1323,Customer_1323,customer1323@mail.com,sold,Wheat,2024-03-22,2024-08-25,31,1550,156,34,5480.8,no,25,0,2024-08-25,-5480.8
655,Customer_655,customer655@mail.com,storing,Wheat,2023-03-11,2023-05-31,103,2575,81,23,6396.3,yes,53,136475,2023-05-31,130078.7
290,Customer_290,customer290@mail.com,sold,Barley,2024-08-23,2025-02-19,93,4650,180,20,11160.0,no,50,0,2025-02-19,-11160.0
136,Customer_136,customer136@mail.com,storing,Maize,2023-02-19,2023-03-03,110,5500,12,42,1848.0,yes,34,187000,2023-03-03,185152.0
1336,Customer_1336,customer1336@mail.com,storing,Barley,2024-05-17,2024-07-27,18,450,71,58,2470.8,no,55,0,2024-07-27,-2470.8
367,Customer_367,customer367@mail.com,storing,Wheat,2023-08-11,2023-11-26,106,2650,107,56,21171.73,partial,55,145750,2023-11-26,124578.27
1769,Customer_1769,customer1769@mail.com,sold,Barley,2024-03-14,2024-07-12,123,6150,120,26,12792.0,yes,45,276750,2024-07-12,263958.0
257,Customer_257,customer257@mail.com,sold,Sorghum,2024-08-17,2024-10-09,154,3850,53,23,6257.53,partial,35,0,2024-10-09,-6257.53
1004,Customer_1004,customer1004@mail.com,stored,Wheat,2023-09-14,2024-02-11,196,4900,150,43,42140.0,no,47,0,2024-02-11,-42140.0
1209,Customer_1209,customer1209@mail.com,stored,Millet,2023-08-16,2023-09-12,120,3000,27,34,3672.0,no,27,0,2023-09-12,-3672.0
1736,Customer_1736,customer1736@mail.com,stored,Millet,2023-07-04,2023-08-29,153,3825,56,38,10852.8,partial,41,156825,2023-08-29,145972.2
1104,Customer_1104,customer1104@mail.com,sold,Millet,2023-04-09,2023-06-12,108,2700,64,55,12672.0,yes,44,0,2023-06-12,-12672.0
1318,Customer_1318,customer1318@mail.com,sold,Barley,2023-08-16,2023-10-29,163,4075,74,39,15680.6,no,28,0,2023-10-29,-15680.6
1571,Customer_1571,customer1571@mail.com,sold,Maize,2023-05-26,2023-07-11,94,2350,46,48,6918.4,partial,33,0,2023-07-11,-6918.4
1301,Customer_1301,customer1301@mail.com,storing,Rice,2023-11-19,2024-01-26,186,9300,68,46,19393.6,yes,43,0,2024-01-26,-19393.6
525,Customer_525,customer525@mail.com,sold,Maize,2023-08-25,2023-11-25,104,2600,92,49,15627.73,no,32,0,2023-11-25,-15627.73
1773,Customer_1773,customer1773@mail.com,sold,Wheat,2024-08-18,2025-01-01,21,525,136,29,2760.8,no,36,18900,2025-01-01,16139.2
1951,Customer_1951,customer1951@mail.com,sold,Barley,2023-11-11,2024-03-13,68,3400,123,30,8364.0,yes,53,180200,2024-03-13,171836.0
635,Customer_635,customer635@mail.com,stored,Sorghum,2023-12-30,2024-03-28,73,3650,89,49,10611.77,partial,54,0,2024-03-28,-10611.77
284,Customer_284,customer284@mail.com,sold,Barley,2023-05-20,2023-07-02,46,2300,43,45,2967.0,partial,38,87400,2023-07-02,84433.0
48,Customer_48,customer48@mail.com,stored,Wheat,2023-06-15,2023-08-01,101,2525,47,37,5854.63,no,49,0,2023-08-01,-5854.63
1947,Customer_1947,customer1947@mail.com,storing,Rice,2023-02-12,2023-06-25,119,2975,133,57,30071.3,partial,37,0,2023-06-25,-30071.3
1004,Customer_1004,customer1004@mail.com,storing,Rice,2024-06-12,2024-08-28,56,2800,77,51,7330.4,partial,53,0,2024-08-28,-7330.4
1017,Customer_1017,customer1017@mail.com,sold,Millet,2023-09-15,2024-02-22,69,1725,160,49,18032.0,no,40,69000,2024-02-22,50968.0
1390,Customer_1390,customer1390@mail.com,sold,Wheat,2023-07-31,2023-10-13,96,2400,74,24,5683.2,partial,31,0,2023-10-13,-5683.2
1940,Customer_1940,customer1940@mail.com,stored,Rice,2024-03-02,2024-03-20,52,1300,18,42,1310.4,yes,43,55900,2024-03-20,54589.6
1547,Customer_1547,customer1547@mail.com,storing,Rice,2024-04-15,2024-05-11,74,1850,26,43,2757.73,no,54,0,2024-05-11,-2757.73
289,Customer_289,customer289@mail.com,storing,Sorghum,2023-06-18,2023-07-16,141,3525,28,40,5264.0,yes,34,119850,2023-07-16,114586.0
1728,Customer_1728,customer1728@mail.com,storing,Maize,2023-12-20,2024-04-08,52,2600,110,29,5529.33,partial,54,0,2024-04-08,-5529.33
37,Customer_37,customer37@mail.com,sold,Sorghum,2023-03-02,2023-05-19,167,4175,78,37,16065.4,partial,41,171175,2023-05-19,155109.6
444,Customer_444,customer444@mail.com,sold,Millet,2024-06-15,2024-08-04,23,1150,50,51,1955.0,partial,40,0,2024-08-04,-1955.0
513,Customer_513,customer513@mail.com,storing,Wheat,2023-07-10,2023-11-26,101,5050,139,33,15442.9,partial,44,222200,2023-11-26,206757.1
1912,Customer_1912,customer1912@mail.com,stored,Rice,2023-04-21,2023-09-18,159,7950,150,35,27825.0,partial,30,238500,2023-09-18,210675.0
96,Customer_96,customer96@mail.com,stored,Sorghum,2023-08-27,2023-09-07,123,6150,11,45,2029.5,yes,53,325950,2023-09-07,323920.5
1753,Customer_1753,customer1753@mail.com,stored,Rice,2024-03-31,2024-06-06,31,775,67,44,3046.27,no,45,0,2024-06-06,-3046.27
856,Customer_856,customer856@mail.com,storing,Millet,2023-05-08,2023-09-15,82,4100,130,37,13147.33,partial,34,139400,2023-09-15,126252.67
1304,Customer_1304,customer1304@mail.com,sold,Wheat,2024-08-01,2024-10-23,86,2150,83,25,5948.33,partial,44,0,2024-10-23,-5948.33
539,Customer_539,customer539@mail.com,sold,Rice,2023-12-04,2024-05-24,25,1250,172,51,7310.0,no,34,42500,2024-05-24,35190.0
1,Customer_1,customer1@mail.com,stored,Rice,2024-01-06,2024-05-17,107,5350,132,44,20715.2,yes,50,0,2024-05-17,-20715.2
811,Customer_811,customer811@mail.com,sold,Maize,2024-07-25,2024-09-11,61,3050,48,59,5758.4,no,52,158600,2024-09-11,152841.6
1517,Customer_1517,customer1517@mail.com,stored,Rice,2024-01-10,2024-03-17,153,3825,67,54,18451.8,no,30,114750,2024-03-17,96298.2
738,Customer_738,customer738@mail.com,storing,Millet,2023-09-19,2024-01-10,194,9700,113,32,23383.47,partial,50,485000,2024-01-10,461616.53
253,Customer_253,customer253@mail.com,storing,Barley,2023-02-28,2023-05-14,33,1650,75,39,3217.5,no,30,0,2023-05-14,-3217.5
715,Customer_715,customer715@mail.com,storing,Rice,2023-04-08,2023-06-10,194,9700,63,45,18333.0,yes,28,271600,2023-06-10,253267.0
117,Customer_117,customer117@mail.com,stored,Wheat,2024-01-23,2024-05-23,53,2650,121,34,7268.07,yes,46,0,2024-05-23,-7268.07
1871,Customer_1871,customer1871@mail.com,storing,Millet,2023-03-14,2023-07-25,153,7650,133,26,17635.8,partial,50,0,2023-07-25,-17635.8
124,Customer_124,customer124@mail.com,storing,Barley,2023-11-25,2024-03-11,76,1900,107,33,8945.2,no,35,66500,2024-03-11,57554.8
768,Customer_768,customer768@mail.com,storing,Rice,2023-03-17,2023-09-07,190,4750,174,27,29754.0,no,45,0,2023-09-07,-29754.0
1531,Customer_1531,customer1531@mail.com,stored,Barley,2024-05-25,2024-08-20,52,2600,87,29,4373.2,yes,35,91000,2024-08-20,86626.8
568,Customer_568,customer568@mail.com,stored,Maize,2024-01-24,2024-03-23,31,775,59,23,1402.23,yes,38,0,2024-03-23,-1402.23
1441,Customer_1441,customer1441@mail.com,storing,Barley,2023-11-24,2024-05-13,139,6950,171,52,41199.6,partial,27,187650,2024-05-13,146450.4
1838,Customer_1838,customer1838@mail.com,sold,Wheat,2024-04-25,2024-10-12,54,2700,170,53,16218.0,yes,45,121500,2024-10-12,105282.0
993,Customer_993,customer993@mail.com,storing,Rice,2023-08-22,2023-12-13,42,1050,113,40,6328.0,partial,44,46200,2023-12-13,39872.0
607,Customer_607,customer607@mail.com,sold,Barley,2023-11-16,2024-03-24,27,1350,129,38,4411.8,no,40,0,2024-03-24,-4411.8
162,Customer_162,customer162@mail.com,sold,Wheat,2024-05-30,2024-11-01,122,3050,155,53,33407.67,partial,42,128100,2024-11-01,94692.33
838,Customer_838,customer838@mail.com,sold,Sorghum,2023-10-21,2023-12-02,22,1100,42,29,893.2,yes,38,0,2023-12-02,-893.2
1043,Customer_1043,customer1043@mail.com,stored,Sorghum,2024-01-02,2024-02-02,130,6500,31,39,5239.0,no,37,0,2024-02-02,-5239.0
218,Customer_218,customer218@mail.com,stored,Millet,2024-07-14,2024-12-18,108,2700,157,27,15260.4,partial,39,0,2024-12-18,-15260.4
1559,Customer_1559,customer1559@mail.com,sold,Maize,2023-04-02,2023-09-13,38,1900,164,55,11425.33,no,32,0,2023-09-13,-11425.33
938,Customer_938,customer938@mail.com,sold,Sorghum,2023-04-14,2023-04-28,55,2750,14,51,1309.0,no,54,0,2023-04-28,-1309.0
753,Customer_753,customer753@mail.com,stored,Barley,2024-05-04,2024-08-15,138,6900,103,25,11845.0,yes,43,296700,2024-08-15,284855.0
1238,Customer_1238,customer1238@mail.com,sold,Sorghum,2023-01-27,2023-03-30,127,3175,62,26,6824.13,no,38,0,2023-03-30,-6824.13
1001,Customer_1001,customer1001@mail.com,stored,Rice,2024-08-14,2024-10-21,114,2850,68,53,13695.2,partial,33,94050,2024-10-21,80354.8
418,Customer_418,customer418@mail.com,storing,Barley,2024-03-17,2024-06-11,15,375,86,60,2580.0,no,48,0,2024-06-11,-2580.0
33,Customer_33,customer33@mail.com,stored,Barley,2024-07-31,2025-01-02,24,1200,155,27,3348.0,partial,55,0,2025-01-02,-3348.0
1860,Customer_1860,customer1860@mail.com,storing,Maize,2024-05-30,2024-06-24,73,3650,25,41,2494.17,no,35,0,2024-06-24,-2494.17
125,Customer_125,customer125@mail.com,stored,Sorghum,2023-11-07,2023-12-29,162,8100,52,52,14601.6,no,37,299700,2023-12-29,285098.4
1014,Customer_1014,customer1014@mail.com,sold,Millet,2024-02-01,2024-05-22,58,2900,111,26,5579.6,yes,33,0,2024-05-22,-5579.6
194,Customer_194,customer194@mail.com,stored,Maize,2024-05-15,2024-09-16,81,4050,124,39,13057.2,no,35,0,2024-09-16,-13057.2
733,Customer_733,customer733@mail.com,storing,Wheat,2023-02-26,2023-06-14,78,3900,108,48,13478.4,yes,51,198900,2023-06-14,185421.6
1825,Customer_1825,customer1825@mail.com,storing,Wheat,2023-08-09,2024-01-23,169,4225,167,44,41393.73,yes,39,0,2024-01-23,-41393.73
842,Customer_842,customer842@mail.com,storing,Rice,2024-03-10,2024-07-04,116,2900,116,20,8970.67,no,51,147900,2024-07-04,138929.33
1980,Customer_1980,customer1980@mail.com,stored,Millet,2024-03-18,2024-05-22,88,4400,65,47,8961.33,partial,44,193600,2024-05-22,184638.67
1471,Customer_1471,customer1471@mail.com,stored,Millet,2023-10-21,2024-02-19,58,1450,121,48,11228.8,yes,37,0,2024-02-19,-11228.8
1327,Customer_1327,customer1327@mail.com,stored,Wheat,2023-09-19,2024-02-11,27,1350,145,25,3262.5,partial,52,0,2024-02-11,-3262.5
1144,Customer_1144,customer1144@mail.com,stored,Wheat,2024-01-26,2024-07-07,186,9300,163,54,54572.4,yes,55,511500,2024-07-07,456927.6
1132,Customer_1132,customer1132@mail.com,storing,Millet,2023-04-15,2023-09-16,74,1850,154,34,12915.47,yes,53,0,2023-09-16,-12915.47
748,Customer_748,customer748@mail.com,sold,Rice,2024-01-23,2024-02-28,159,3975,36,38,7250.4,partial,35,139125,2024-02-28,131874.6
1272,Customer_1272,customer1272@mail.com,storing,Millet,2024-07-04,2024-09-17,160,4000,75,57,22800.0,partial,53,0,2024-09-17,-22800.0
904,Customer_904,customer904@mail.com,sold,Rice,2023-04-14,2023-09-05,135,6750,144,24,15552.0,partial,51,344250,2023-09-05,328698.0
1194,Customer_1194,customer1194@mail.com,storing,Barley,2023-02-01,2023-06-22,185,9250,141,26,22607.0,yes,28,259000,2023-06-22,236393.0
1411,Customer_1411,customer1411@mail.com,stored,Wheat,2024-02-23,2024-04-16,148,7400,53,36,9412.8,partial,32,236800,2024-04-16,227387.2
86,Customer_86,customer86@mail.com,storing,Wheat,2024-01-29,2024-05-16,143,7150,108,32,16473.6,partial,47,336050,2024-05-16,319576.4
1706,Customer_1706,customer1706@mail.com,storing,Rice,2023-03-16,2023-06-19,95,4750,95,32,9626.67,partial,48,0,2023-06-19,-9626.67
753,Customer_753,customer753@mail.com,storing,Barley,2023-08-05,2023-12-26,148,3700,143,54,38095.2,partial,34,125800,2023-12-26,87704.8
240,Customer_240,customer240@mail.com,stored,Millet,2024-08-13,2024-09-13,174,8700,31,45,8091.0,no,32,0,2024-09-13,-8091.0
24,Customer_24,customer24@mail.com,stored,Maize,2023-06-17,2023-08-03,77,1925,47,52,6272.93,no,44,0,2023-08-03,-6272.93
1555,Customer_1555,customer1555@mail.com,sold,Wheat,2023-08-30,2024-01-10,109,5450,133,52,25128.13,yes,31,0,2024-01-10,-25128.13
1627,Customer_1627,customer1627@mail.com,sold,Wheat,2024-03-11,2024-06-05,90,2250,86,56,14448.0,partial,35,78750,2024-06-05,64302.0
377,Customer_377,customer377@mail.com,stored,Barley,2023-11-08,2024-03-30,111,5550,143,60,31746.0,yes,45,249750,2024-03-30,218004.0
681,Customer_681,customer681@mail.com,sold,Sorghum,2023-03-29,2023-09-18,32,800,173,28,5166.93,partial,54,43200,2023-09-18,38033.07
736,Customer_736,customer736@mail.com,sold,Millet,2024-03-16,2024-04-10,51,1275,25,45,1912.5,yes,28,0,2024-04-10,-1912.5
489,Customer_489,customer489@mail.com,stored,Maize,2024-05-04,2024-06-17,184,4600,44,37,9985.07,yes,54,248400,2024-06-17,238414.93
360,Customer_360,customer360@mail.com,stored,Barley,2023-11-18,2024-05-13,162,4050,177,25,23895.0,no,38,0,2024-05-13,-23895.0
42,Customer_42,customer42@mail.com,stored,Maize,2023-10-05,2024-01-22,126,3150,109,32,14649.6,no,38,0,2024-01-22,-14649.6
1953,Customer_1953,customer1953@mail.com,sold,Rice,2023-06-02,2023-06-21,154,3850,19,20,1950.67,yes,55,0,2023-06-21,-1950.67
1566,Customer_1566,customer1566@mail.com,storing,Wheat,2024-05-19,2024-09-09,32,1600,113,26,3133.87,no,41,65600,2024-09-09,62466.13
959,Customer_959,customer959@mail.com,stored,Sorghum,2024-01-08,2024-03-29,193,9650,81,24,12506.4,partial,54,521100,2024-03-29,508593.6
1511,Customer_1511,customer1511@mail.com,sold,Rice,2023-07-26,2023-09-01,152,3800,37,43,8061.07,partial,35,133000,2023-09-01,124938.93
799,Customer_799,customer799@mail.com,stored,Maize,2023-06-04,2023-07-28,178,4450,54,56,17942.4,partial,43,0,2023-07-28,-17942.4
1330,Customer_1330,customer1330@mail.com,stored,Barley,2024-07-02,2024-11-21,21,1050,142,42,4174.8,partial,28,29400,2024-11-21,25225.2
164,Customer_164,customer164@mail.com,stored,Sorghum,2024-03-24,2024-05-04,132,6600,41,46,8298.4,partial,38,0,2024-05-04,-8298.4
930,Customer_930,customer930@mail.com,stored,Rice,2024-03-13,2024-04-05,101,5050,23,23,1780.97,yes,25,126250,2024-04-05,124469.03
804,Customer_804,customer804@mail.com,stored,Maize,2024-01-31,2024-06-07,174,4350,128,54,40089.6,no,47,204450,2024-06-07,164360.4
648,Customer_648,customer648@mail.com,sold,Wheat,2023-09-10,2023-11-09,112,5600,60,51,11424.0,partial,40,224000,2023-11-09,212576.0
133,Customer_133,customer133@mail.com,storing,Barley,2023-05-24,2023-06-12,107,2675,19,51,3456.1,partial,39,0,2023-06-12,-3456.1
803,Customer_803,customer803@mail.com,stored,Rice,2024-02-23,2024-06-13,91,2275,111,59,19865.3,partial,26,0,2024-06-13,-19865.3
1441,Customer_1441,customer1441@mail.com,sold,Wheat,2023-03-26,2023-04-15,162,8100,20,35,3780.0,no,38,0,2023-04-15,-3780.0
941,Customer_941,customer941@mail.com,sold,Maize,2024-02-14,2024-08-01,145,3625,169,47,38391.17,partial,35,0,2024-08-01,-38391.17
1378,Customer_1378,customer1378@mail.com,sold,Wheat,2023-05-26,2023-09-10,151,7550,107,23,12387.03,yes,25,0,2023-09-10,-12387.03
1164,Customer_1164,customer1164@mail.com,sold,Barley,2024-06-28,2024-11-18,195,9750,143,52,48334.0,yes,38,370500,2024-11-18,322166.0
876,Customer_876,customer876@mail.com,storing,Barley,2023-05-14,2023-09-14,179,4475,123,53,38896.7,partial,38,0,2023-09-14,-38896.7
639,Customer_639,customer639@mail.com,storing,Rice,2023-06-11,2023-10-24,62,3100,135,51,14229.0,partial,34,0,2023-10-24,-14229.0
478,Customer_478,customer478@mail.com,storing,Rice,2023-03-21,2023-05-26,159,7950,66,33,11543.4,no,30,0,2023-05-26,-11543.4
1158,Customer_1158,customer1158@mail.com,storing,Maize,2023-03-31,2023-09-09,31,1550,162,36,6026.4,no,34,52700,2023-09-09,46673.6
153,Customer_153,customer153@mail.com,storing,Wheat,2023-07-03,2023-10-31,97,4850,120,52,20176.0,yes,39,0,2023-10-31,-20176.0
852,Customer_852,customer852@mail.com,stored,Sorghum,2023-09-16,2024-01-31,120,3000,137,39,21372.0,partial,45,135000,2024-01-31,113628.0
1854,Customer_1854,customer1854@mail.com,stored,Maize,2023-01-28,2023-07-25,141,3525,178,51,42666.6,yes,54,190350,2023-07-25,147683.4
392,Customer_392,customer392@mail.com,storing,Millet,2023-08-14,2024-01-24,119,5950,163,55,35561.17,partial,28,0,2024-01-24,-35561.17
385,Customer_385,customer385@mail.com,storing,Barley,2023-08-01,2024-01-03,21,525,155,26,2821.0,partial,29,0,2024-01-03,-2821.0
217,Customer_217,customer217@mail.com,storing,Maize,2024-03-01,2024-04-29,139,3475,59,57,15581.9,no,51,177225,2024-04-29,161643.1
946,Customer_946,customer946@mail.com,storing,Sorghum,2023-08-07,2024-02-02,188,4700,179,60,67304.0,no,37,0,2024-02-02,-67304.0
1627,Customer_1627,customer1627@mail.com,storing,Millet,2024-04-14,2024-04-27,103,5150,13,33,1472.9,partial,29,0,2024-04-27,-1472.9
1864,Customer_1864,customer1864@mail.com,sold,Maize,2024-06-22,2024-07-22,47,2350,30,35,1645.0,yes,49,0,2024-07-22,-1645.0
405,Customer_405,customer405@mail.com,storing,Rice,2023-07-07,2023-11-10,167,8350,126,46,32264.4,yes,39,0,2023-11-10,-32264.4
811,Customer_811,customer811@mail.com,stored,Barley,2023-01-07,2023-02-12,168,8400,36,28,5644.8,yes,26,218400,2023-02-12,212755.2
980,Customer_980,customer980@mail.com,sold,Sorghum,2024-03-23,2024-05-09,55,1375,47,38,3274.33,partial,37,50875,2024-05-09,47600.67
235,Customer_235,customer235@mail.com,storing,Rice,2023-11-25,2024-03-27,155,3875,123,50,31775.0,no,31,0,2024-03-27,-31775.0
937,Customer_937,customer937@mail.com,sold,Wheat,2023-04-08,2023-08-06,76,1900,120,22,6688.0,yes,32,60800,2023-08-06,54112.0
844,Customer_844,customer844@mail.com,storing,Rice,2023-12-14,2024-05-15,155,3875,153,45,35572.5,yes,28,108500,2024-05-15,72927.5
1067,Customer_1067,customer1067@mail.com,stored,Wheat,2023-06-29,2023-07-24,133,6650,25,25,2770.83,no,33,0,2023-07-24,-2770.83
238,Customer_238,customer238@mail.com,storing,Millet,2024-04-18,2024-08-25,64,3200,129,32,8806.4,partial,36,0,2024-08-25,-8806.4
1171,Customer_1171,customer1171@mail.com,stored,Sorghum,2023-02-04,2023-05-13,166,4150,98,28,15183.47,yes,25,0,2023-05-13,-15183.47
673,Customer_673,customer673@mail.com,sold,Maize,2023-12-12,2024-05-22,193,4825,162,45,46899.0,no,32,0,2024-05-22,-46899.0
664,Customer_664,customer664@mail.com,storing,Maize,2024-05-03,2024-09-23,41,1025,143,53,10357.97,yes,40,0,2024-09-23,-10357.97
1074,Customer_1074,customer1074@mail.com,stored,Millet,2024-08-18,2024-11-10,22,1100,84,37,2279.2,no,32,35200,2024-11-10,32920.8
434,Customer_434,customer434@mail.com,stored,Rice,2023-07-12,2023-09-13,93,2325,63,25,4882.5,partial,30,0,2023-09-13,-4882.5
807,Customer_807,customer807@mail.com,sold,Wheat,2023-10-26,2024-01-21,47,1175,87,36,4906.8,no,27,0,2024-01-21,-4906.8
957,Customer_957,customer957@mail.com,storing,Rice,2024-02-03,2024-07-17,190,4750,165,57,59565.0,no,49,0,2024-07-17,-59565.0
487,Customer_487,customer487@mail.com,sold,Wheat,2023-02-12,2023-05-27,170,8500,104,38,22394.67,no,36,306000,2023-05-27,283605.33
457,Customer_457,customer457@mail.com,sold,Rice,2023-12-22,2024-04-16,142,3550,116,26,14275.73,no,53,188150,2024-04-16,173874.27
908,Customer_908,customer908@mail.com,sold,Wheat,2023-12-30,2024-02-12,72,3600,44,51,5385.6,yes,48,0,2024-02-12,-5385.6
1336,Customer_1336,customer1336@mail.com,stored,Millet,2023-01-25,2023-05-03,66,1650,98,25,5390.0,yes,41,67650,2023-05-03,62260.0
1459,Customer_1459,customer1459@mail.com,stored,Millet,2023-11-11,2024-04-17,157,3925,158,54,44650.8,partial,35,0,2024-04-17,-44650.8
769,Customer_769,customer769@mail.com,stored,Millet,2023-03-18,2023-08-19,177,8850,154,23,20897.8,no,39,0,2023-08-19,-20897.8
108,Customer_108,customer108@mail.com,sold,Millet,2023-09-06,2023-10-15,73,1825,39,43,4080.7,no,53,0,2023-10-15,-4080.7
1210,Customer_1210,customer1210@mail.com,sold,Sorghum,2024-02-10,2024-04-25,122,6100,75,49,14945.0,partial,47,286700,2024-04-25,271755.0
1849,Customer_1849,customer1849@mail.com,stored,Wheat,2024-07-23,2024-08-20,96,2400,28,59,5286.4,yes,47,0,2024-08-20,-5286.4
511,Customer_511,customer511@mail.com,sold,Rice,2024-05-03,2024-06-07,151,3775,35,25,4404.17,no,50,188750,2024-06-07,184345.83
1644,Customer_1644,customer1644@mail.com,storing,Sorghum,2023-03-01,2023-04-13,78,1950,43,33,3689.4,yes,44,85800,2023-04-13,82110.6
876,Customer_876,customer876@mail.com,stored,Barley,2023-12-15,2024-03-01,113,2825,77,53,15371.77,yes,31,0,2024-03-01,-15371.77
1834,Customer_1834,customer1834@mail.com,stored,Rice,2023-11-29,2024-03-10,102,5100,102,22,7629.6,partial,34,173400,2024-03-10,165770.4
747,Customer_747,customer747@mail.com,stored,Sorghum,2023-12-10,2024-05-11,192,9600,153,46,45043.2,no,28,0,2024-05-11,-45043.2
595,Customer_595,customer595@mail.com,storing,Millet,2023-08-29,2023-11-07,42,1050,70,44,4312.0,partial,52,0,2023-11-07,-4312.0
1067,Customer_1067,customer1067@mail.com,stored,Barley,2023-08-12,2024-02-03,70,3500,175,55,22458.33,no,54,189000,2024-02-03,166541.67
936,Customer_936,customer936@mail.com,storing,Rice,2023-05-03,2023-07-21,94,2350,79,44,10891.47,no,36,0,2023-07-21,-10891.47
832,Customer_832,customer832@mail.com,sold,Sorghum,2024-06-10,2024-11-17,176,4400,160,33,30976.0,no,55,242000,2024-11-17,211024.0
344,Customer_344,customer344@mail.com,storing,Barley,2024-06-05,2024-10-29,79,3950,146,55,21145.67,partial,38,0,2024-10-29,-21145.67
428,Customer_428,customer428@mail.com,storing,Sorghum,2023-04-05,2023-04-28,170,8500,23,23,2997.67,partial,45,0,2023-04-28,-2997.67
919,Customer_919,customer919@mail.com,stored,Barley,2024-07-21,2024-09-30,68,3400,71,38,6115.47,partial,45,0,2024-09-30,-6115.47
149,Customer_149,customer149@mail.com,stored,Barley,2024-02-19,2024-08-03,155,3875,166,33,28303.0,partial,46,0,2024-08-03,-28303.0
754,Customer_754,customer754@mail.com,sold,Rice,2023-08-21,2023-10-23,39,1950,63,48,3931.2,partial,49,0,2023-10-23,-3931.2
1417,Customer_1417,customer1417@mail.com,storing,Millet,2023-07-18,2023-08-09,166,4150,22,24,2921.6,no,50,207500,2023-08-09,204578.4
1317,Customer_1317,customer1317@mail.com,storing,Maize,2024-02-03,2024-04-18,139,6950,75,33,11467.5,partial,55,382250,2024-04-18,370782.5
1007,Customer_1007,customer1007@mail.com,stored,Wheat,2024-01-08,2024-06-14,96,2400,158,23,11628.8,yes,26,0,2024-06-14,-11628.8
1266,Customer_1266,customer1266@mail.com,sold,Rice,2024-02-07,2024-03-08,191,9550,30,42,8022.0,no,55,0,2024-03-08,-8022.0
1221,Customer_1221,customer1221@mail.com,storing,Rice,2024-01-31,2024-04-18,59,1475,78,37,5675.8,partial,27,39825,2024-04-18,34149.2
516,Customer_516,customer516@mail.com,stored,Millet,2023-01-09,2023-03-12,52,2600,62,36,3868.8,yes,29,0,2023-03-12,-3868.8
1764,Customer_1764,customer1764@mail.com,sold,Maize,2024-02-28,2024-05-26,143,3575,88,26,10906.13,partial,42,0,2024-05-26,-10906.13
1612,Customer_1612,customer1612@mail.com,sold,Millet,2023-10-22,2024-01-25,95,2375,95,51,15342.5,partial,37,87875,2024-01-25,72532.5
971,Customer_971,customer971@mail.com,stored,Barley,2023-03-12,2023-04-10,104,2600,29,25,2513.33,no,38,98800,2023-04-10,96286.67
561,Customer_561,customer561@mail.com,storing,Barley,2023-06-28,2023-08-06,59,1475,39,52,3988.4,partial,34,0,2023-08-06,-3988.4
1544,Customer_1544,customer1544@mail.com,stored,Maize,2023-08-15,2023-10-28,172,4300,74,24,10182.4,no,53,0,2023-10-28,-10182.4
1825,Customer_1825,customer1825@mail.com,sold,Maize,2024-03-10,2024-08-11,176,8800,154,52,46980.27,yes,25,0,2024-08-11,-46980.27
1720,Customer_1720,customer1720@mail.com,stored,Millet,2023-07-18,2023-08-18,102,5100,31,49,5164.6,partial,40,204000,2023-08-18,198835.4
871,Customer_871,customer871@mail.com,storing,Maize,2023-10-04,2024-02-23,126,3150,142,27,16102.8,no,54,170100,2024-02-23,153997.2
1850,Customer_1850,customer1850@mail.com,sold,Barley,2024-06-14,2024-08-14,85,2125,61,23,3975.17,partial,42,89250,2024-08-14,85274.83
108,Customer_108,customer108@mail.com,storing,Sorghum,2024-07-02,2024-09-08,136,6800,68,36,11097.6,no,50,0,2024-09-08,-11097.6
1458,Customer_1458,customer1458@mail.com,stored,Millet,2024-01-09,2024-07-05,161,4025,178,42,40121.2,partial,28,0,2024-07-05,-40121.2
1790,Customer_1790,customer1790@mail.com,stored,Rice,2023-10-22,2023-12-04,29,725,43,41,1704.23,no,30,0,2023-12-04,-1704.23
1336,Customer_1336,customer1336@mail.com,sold,Wheat,2023-08-27,2023-12-08,45,2250,103,53,8188.5,yes,55,123750,2023-12-08,115561.5
312,Customer_312,customer312@mail.com,sold,Wheat,2024-06-25,2024-10-04,138,3450,101,33,15331.8,partial,44,151800,2024-10-04,136468.2
60,Customer_60,customer60@mail.com,stored,Maize,2024-06-01,2024-11-17,191,4775,169,53,57026.23,partial,38,0,2024-11-17,-57026.23
1298,Customer_1298,customer1298@mail.com,stored,Rice,2024-03-24,2024-04-09,148,3700,16,50,3946.67,partial,28,0,2024-04-09,-3946.67
1558,Customer_1558,customer1558@mail.com,stored,Barley,2023-06-19,2023-08-13,121,6050,55,38,8429.67,partial,27,0,2023-08-13,-8429.67
1156,Customer_1156,customer1156@mail.com,stored,Maize,2023-07-13,2023-10-10,164,8200,89,44,21407.47,no,37,0,2023-10-10,-21407.47
1010,Customer_1010,customer1010@mail.com,sold,Sorghum,2023-08-20,2023-12-29,162,4050,131,22,15562.8,no,42,170100,2023-12-29,154537.2
1481,Customer_1481,customer1481@mail.com,stored,Millet,2023-08-18,2024-02-09,82,4100,175,57,27265.0,yes,25,0,2024-02-09,-27265.0
106,Customer_106,customer106@mail.com,storing,Barley,2024-02-21,2024-06-04,119,2975,104,58,23926.93,no,51,151725,2024-06-04,127798.07
750,Customer_750,customer750@mail.com,storing,Rice,2023-05-31,2023-07-22,110,2750,52,30,5720.0,yes,31,0,2023-07-22,-5720.0
1929,Customer_1929,customer1929@mail.com,stored,Rice,2023-10-08,2024-01-06,90,2250,90,22,5940.0,yes,48,108000,2024-01-06,102060.0
1425,Customer_1425,customer1425@mail.com,sold,Sorghum,2024-04-01,2024-05-15,117,5850,44,54,9266.4,yes,54,0,2024-05-15,-9266.4
427,Customer_427,customer427@mail.com,storing,Rice,2024-01-30,2024-04-02,197,9850,63,50,20685.0,yes,28,275800,2024-04-02,255115.0
102,Customer_102,customer102@mail.com,sold,Wheat,2023-10-16,2023-11-20,78,3900,35,49,4459.0,yes,44,171600,2023-11-20,167141.0
480,Customer_480,customer480@mail.com,storing,Maize,2023-12-02,2024-02-09,132,6600,69,46,13965.6,no,43,283800,2024-02-09,269834.4
525,Customer_525,customer525@mail.com,sold,Millet,2023-10-26,2024-03-31,166,8300,157,50,43436.67,no,49,0,2024-03-31,-43436.67
71,Customer_71,customer71@mail.com,storing,Wheat,2024-03-04,2024-07-30,99,4950,148,53,25885.2,yes,46,227700,2024-07-30,201814.8
462,Customer_462,customer462@mail.com,sold,Wheat,2023-10-16,2024-01-14,176,4400,90,24,12672.0,partial,37,0,2024-01-14,-12672.0
907,Customer_907,customer907@mail.com,sold,Millet,2023-12-04,2024-03-21,34,850,108,28,3427.2,yes,32,27200,2024-03-21,23772.8
355,Customer_355,customer355@mail.com,storing,Sorghum,2023-03-29,2023-04-19,16,800,21,34,380.8,partial,35,28000,2023-04-19,27619.2
1093,Customer_1093,customer1093@mail.com,sold,Millet,2023-05-25,2023-09-26,38,1900,124,57,8952.8,no,27,0,2023-09-26,-8952.8
1900,Customer_1900,customer1900@mail.com,sold,Sorghum,2023-05-29,2023-11-10,38,1900,165,57,11913.0,yes,27,51300,2023-11-10,39387.0
1285,Customer_1285,customer1285@mail.com,storing,Wheat,2024-06-16,2024-09-30,30,750,106,50,5300.0,yes,53,39750,2024-09-30,34450.0
827,Customer_827,customer827@mail.com,stored,Rice,2023-09-03,2023-10-14,58,2900,41,32,2536.53,partial,49,0,2023-10-14,-2536.53
879,Customer_879,customer879@mail.com,sold,Wheat,2023-03-31,2023-04-10,97,2425,10,25,808.33,partial,46,111550,2023-04-10,110741.67
104,Customer_104,customer104@mail.com,storing,Millet,2023-08-02,2023-08-20,117,5850,18,27,1895.4,yes,27,0,2023-08-20,-1895.4
372,Customer_372,customer372@mail.com,storing,Wheat,2023-12-01,2024-03-09,57,1425,99,60,11286.0,yes,42,59850,2024-03-09,48564.0
1893,Customer_1893,customer1893@mail.com,stored,Rice,2024-02-19,2024-03-12,77,1925,22,48,2710.4,yes,52,100100,2024-03-12,97389.6
1128,Customer_1128,customer1128@mail.com,stored,Barley,2024-05-20,2024-06-10,176,8800,21,23,2833.6,partial,44,387200,2024-06-10,384366.4
1559,Customer_1559,customer1559@mail.com,sold,Barley,2023-12-25,2024-03-06,197,9850,72,32,15129.6,partial,45,443250,2024-03-06,428120.4
1385,Customer_1385,customer1385@mail.com,storing,Barley,2024-02-04,2024-07-22,81,2025,169,50,22815.0,yes,37,74925,2024-07-22,52110.0
1910,Customer_1910,customer1910@mail.com,storing,Millet,2023-08-08,2023-08-26,112,2800,18,39,2620.8,no,35,98000,2023-08-26,95379.2
1376,Customer_1376,customer1376@mail.com,stored,Maize,2023-09-11,2024-02-23,59,2950,165,54,17523.0,partial,50,0,2024-02-23,-17523.0
1376,Customer_1376,customer1376@mail.com,stored,Sorghum,2024-04-08,2024-07-17,102,2550,100,36,12240.0,no,46,0,2024-07-17,-12240.0
1310,Customer_1310,customer1310@mail.com,sold,Rice,2023-01-02,2023-02-13,168,4200,42,43,10113.6,yes,39,0,2023-02-13,-10113.6
661,Customer_661,customer661@mail.com,storing,Barley,2023-04-05,2023-04-19,11,275,14,21,107.8,partial,27,7425,2023-04-19,7317.2
1519,Customer_1519,customer1519@mail.com,storing,Millet,2023-10-10,2024-01-22,137,3425,104,29,13773.07,partial,49,0,2024-01-22,-13773.07
996,Customer_996,customer996@mail.com,stored,Sorghum,2024-02-09,2024-03-09,190,9500,29,58,10652.67,no,44,0,2024-03-09,-10652.67
1802,Customer_1802,customer1802@mail.com,storing,Rice,2023-09-23,2023-11-14,125,3125,52,47,10183.33,yes,27,84375,2023-11-14,74191.67
634,Customer_634,customer634@mail.com,storing,Wheat,2024-04-02,2024-08-01,76,3800,121,57,17472.4,partial,29,110200,2024-08-01,92727.6
154,Customer_154,customer154@mail.com,storing,Maize,2023-01-02,2023-03-22,88,2200,79,34,7878.93,no,42,92400,2023-03-22,84521.07
1846,Customer_1846,customer1846@mail.com,stored,Maize,2024-04-03,2024-07-28,80,2000,116,43,13301.33,partial,51,0,2024-07-28,-13301.33
1909,Customer_1909,customer1909@mail.com,sold,Barley,2024-07-31,2024-12-08,88,4400,130,34,12965.33,no,25,0,2024-12-08,-12965.33
820,Customer_820,customer820@mail.com,storing,Millet,2024-03-22,2024-05-01,118,2950,40,52,8181.33,yes,43,126850,2024-05-01,118668.67
1578,Customer_1578,customer1578@mail.com,sold,Sorghum,2023-01-25,2023-05-19,74,1850,114,43,12091.6,no,53,98050,2023-05-19,85958.4
404,Customer_404,customer404@mail.com,storing,Barley,2023-11-15,2024-01-05,36,900,51,25,1530.0,no,45,40500,2024-01-05,38970.0
598,Customer_598,customer598@mail.com,stored,Barley,2023-08-26,2024-02-20,119,2975,178,54,38127.6,no,54,0,2024-02-20,-38127.6
1904,Customer_1904,customer1904@mail.com,sold,Rice,2023-03-01,2023-05-15,161,4025,75,60,24150.0,yes,34,136850,2023-05-15,112700.0
960,Customer_960,customer960@mail.com,stored,Millet,2024-01-31,2024-04-19,38,1900,79,32,3202.13,no,31,58900,2024-04-19,55697.87
313,Customer_313,customer313@mail.com,stored,Rice,2023-06-04,2023-07-26,188,4700,52,33,10753.6,no,36,0,2023-07-26,-10753.6
1613,Customer_1613,customer1613@mail.com,stored,Millet,2024-02-27,2024-05-15,140,7000,78,29,10556.0,no,44,0,2024-05-15,-10556.0
1564,Customer_1564,customer1564@mail.com,stored,Sorghum,2023-02-28,2023-07-11,171,4275,133,22,16678.2,no,31,132525,2023-07-11,115846.8
1411,Customer_1411,customer1411@mail.com,sold,Maize,2023-10-05,2023-12-08,86,4300,64,44,8072.53,no,49,0,2023-12-08,-8072.53
339,Customer_339,customer339@mail.com,stored,Rice,2023-05-05,2023-08-30,30,1500,117,52,6084.0,yes,26,0,2023-08-30,-6084.0
241,Customer_241,customer241@mail.com,stored,Wheat,2024-01-16,2024-04-23,133,6650,98,32,13902.93,partial,48,319200,2024-04-23,305297.07
703,Customer_703,customer703@mail.com,stored,Maize,2023-11-10,2023-12-31,14,700,51,20,476.0,partial,54,0,2023-12-31,-476.0
1806,Customer_1806,customer1806@mail.com,sold,Wheat,2023-11-22,2024-05-13,73,1825,173,21,8840.3,no,51,0,2024-05-13,-8840.3
900,Customer_900,customer900@mail.com,storing,Rice,2023-04-21,2023-08-09,164,8200,110,22,13229.33,partial,50,0,2023-08-09,-13229.33
837,Customer_837,customer837@mail.com,storing,Sorghum,2023-06-07,2023-10-03,43,1075,118,39,6596.2,partial,40,0,2023-10-03,-6596.2
1127,Customer_1127,customer1127@mail.com,storing,Millet,2024-05-24,2024-09-10,67,3350,109,47,11441.37,no,42,0,2024-09-10,-11441.37
726,Customer_726,customer726@mail.com,sold,Barley,2023-09-16,2023-12-18,166,8300,93,43,22127.8,yes,51,423300,2023-12-18,401172.2
1752,Customer_1752,customer1752@mail.com,storing,Millet,2024-04-13,2024-09-07,63,3150,147,42,12965.4,no,32,100800,2024-09-07,87834.6
30,Customer_30,customer30@mail.com,sold,Wheat,2023-02-08,2023-06-11,27,1350,123,37,4095.9,yes,26,35100,2023-06-11,31004.1
324,Customer_324,customer324@mail.com,storing,Barley,2023-04-29,2023-10-09,45,1125,163,43,10513.5,no,50,0,2023-10-09,-10513.5
1125,Customer_1125,customer1125@mail.com,stored,Millet,2023-09-23,2023-10-24,118,2950,31,32,3901.87,yes,34,0,2023-10-24,-3901.87
1404,Customer_1404,customer1404@mail.com,stored,Millet,2024-01-11,2024-06-04,111,5550,145,38,20387.0,no,40,0,2024-06-04,-20387.0
1125,Customer_1125,customer1125@mail.com,sold,Barley,2024-02-23,2024-04-13,156,3900,50,31,8060.0,yes,45,175500,2024-04-13,167440.0
239,Customer_239,customer239@mail.com,sold,Sorghum,2023-04-14,2023-07-10,38,1900,87,60,6612.0,no,47,0,2023-07-10,-6612.0
721,Customer_721,customer721@mail.com,stored,Sorghum,2023-12-27,2024-02-12,116,2900,47,46,8359.73,partial,54,156600,2024-02-12,148240.27
1113,Customer_1113,customer1113@mail.com,stored,Maize,2023-12-29,2024-05-03,188,4700,126,35,27636.0,yes,37,0,2024-05-03,-27636.0
650,Customer_650,customer650@mail.com,storing,Millet,2023-04-21,2023-06-09,44,1100,49,27,1940.4,partial,40,44000,2023-06-09,42059.6
1527,Customer_1527,customer1527@mail.com,storing,Maize,2024-06-01,2024-07-16,143,7150,45,36,7722.0,yes,27,0,2024-07-16,-7722.0
476,Customer_476,customer476@mail.com,storing,Rice,2024-05-31,2024-09-23,43,1075,115,53,8736.17,yes,39,0,2024-09-23,-8736.17
1799,Customer_1799,customer1799@mail.com,stored,Rice,2024-05-17,2024-06-08,135,6750,22,32,3168.0,yes,37,0,2024-06-08,-3168.0
489,Customer_489,customer489@mail.com,storing,Millet,2024-04-30,2024-09-21,43,2150,144,56,11558.4,yes,35,75250,2024-09-21,63691.6
1034,Customer_1034,customer1034@mail.com,stored,Barley,2023-05-09,2023-07-18,189,4725,70,50,22050.0,partial,42,198450,2023-07-18,176400.0
647,Customer_647,customer647@mail.com,storing,Wheat,2024-07-09,2024-11-22,197,9850,136,24,21433.6,yes,51,502350,2024-11-22,480916.4
495,Customer_495,customer495@mail.com,sold,Maize,2023-12-17,2024-05-31,160,8000,166,30,26560.0,partial,36,0,2024-05-31,-26560.0
476,Customer_476,customer476@mail.com,storing,Barley,2023-09-22,2023-11-26,42,2100,65,43,3913.0,no,49,102900,2023-11-26,98987.0
659,Customer_659,customer659@mail.com,sold,Wheat,2024-08-06,2024-09-12,121,3025,37,29,4327.77,no,50,0,2024-09-12,-4327.77
903,Customer_903,customer903@mail.com,sold,Maize,2024-05-27,2024-09-06,171,4275,102,24,13953.6,no,45,0,2024-09-06,-13953.6
72,Customer_72,customer72@mail.com,storing,Barley,2023-09-06,2024-01-24,149,3725,140,35,24336.67,yes,31,0,2024-01-24,-24336.67
36,Customer_36,customer36@mail.com,stored,Rice,2024-07-15,2024-09-06,24,1200,53,24,1017.6,no,34,40800,2024-09-06,39782.4
324,Customer_324,customer324@mail.com,storing,Barley,2023-05-10,2023-10-25,184,9200,168,41,42246.4,yes,41,377200,2023-10-25,334953.6
383,Customer_383,customer383@mail.com,sold,Rice,2024-01-10,2024-04-11,111,5550,92,49,16679.6,yes,49,0,2024-04-11,-16679.6
273,Customer_273,customer273@mail.com,stored,Sorghum,2024-01-11,2024-04-09,13,325,89,26,1002.73,yes,38,0,2024-04-09,-1002.73
1416,Customer_1416,customer1416@mail.com,stored,Sorghum,2024-03-14,2024-04-23,44,2200,40,56,3285.33,yes,34,74800,2024-04-23,71514.67
1338,Customer_1338,customer1338@mail.com,storing,Sorghum,2024-01-24,2024-05-12,103,2575,109,57,21331.3,yes,43,0,2024-05-12,-21331.3
573,Customer_573,customer573@mail.com,storing,Sorghum,2023-03-17,2023-06-27,66,1650,102,34,7629.6,no,30,49500,2023-06-27,41870.4
768,Customer_768,customer768@mail.com,sold,Barley,2024-06-17,2024-07-11,122,3050,24,38,3708.8,yes,34,103700,2024-07-11,99991.2
1052,Customer_1052,customer1052@mail.com,storing,Sorghum,2024-01-27,2024-07-21,71,3550,176,49,20410.13,partial,42,149100,2024-07-21,128689.87
954,Customer_954,customer954@mail.com,storing,Barley,2024-04-12,2024-08-17,141,7050,127,39,23279.1,partial,48,0,2024-08-17,-23279.1
1100,Customer_1100,customer1100@mail.com,stored,Maize,2023-11-02,2024-01-15,118,5900,74,45,13098.0,yes,42,247800,2024-01-15,234702.0
1914,Customer_1914,customer1914@mail.com,sold,Maize,2023-02-26,2023-06-29,116,2900,123,32,15219.2,partial,43,0,2023-06-29,-15219.2
1038,Customer_1038,customer1038@mail.com,storing,Sorghum,2023-03-11,2023-04-14,64,3200,34,49,3554.13,partial,44,0,2023-04-14,-3554.13
270,Customer_270,customer270@mail.com,storing,Millet,2023-05-05,2023-06-24,169,8450,50,55,15491.67,yes,34,0,2023-06-24,-15491.67
1327,Customer_1327,customer1327@mail.com,stored,Millet,2023-01-04,2023-06-14,163,4075,161,30,26243.0,no,35,142625,2023-06-14,116382.0
1408,Customer_1408,customer1408@mail.com,storing,Millet,2023-03-20,2023-07-06,139,6950,108,33,16513.2,partial,49,0,2023-07-06,-16513.2
402,Customer_402,customer402@mail.com,stored,Sorghum,2023-12-12,2024-04-27,152,7600,137,45,31236.0,partial,46,0,2024-04-27,-31236.0
582,Customer_582,customer582@mail.com,stored,Barley,2023-06-26,2023-12-20,90,4500,177,28,14868.0,partial,28,0,2023-12-20,-14868.0
673,Customer_673,customer673@mail.com,sold,Millet,2023-04-15,2023-06-05,198,4950,51,54,18176.4,partial,39,0,2023-06-05,-18176.4
1974,Customer_1974,customer1974@mail.com,sold,Barley,2023-02-13,2023-03-16,105,2625,31,32,3472.0,partial,25,0,2023-03-16,-3472.0
1860,Customer_1860,customer1860@mail.com,sold,Rice,2024-04-07,2024-04-20,167,8350,13,32,2315.73,yes,51,0,2024-04-20,-2315.73
798,Customer_798,customer798@mail.com,sold,Wheat,2023-06-13,2023-08-16,129,3225,64,22,6054.4,yes,29,93525,2023-08-16,87470.6
1296,Customer_1296,customer1296@mail.com,storing,Sorghum,2023-02-25,2023-08-24,17,850,180,39,3978.0,no,35,0,2023-08-24,-3978.0
1485,Customer_1485,customer1485@mail.com,sold,Millet,2023-02-01,2023-04-01,78,3900,59,49,7516.6,partial,50,195000,2023-04-01,187483.4
1917,Customer_1917,customer1917@mail.com,sold,Barley,2023-02-26,2023-05-09,12,300,72,24,691.2,partial,52,0,2023-05-09,-691.2
945,Customer_945,customer945@mail.com,stored,Wheat,2024-07-14,2024-09-10,130,6500,58,27,6786.0,partial,55,0,2024-09-10,-6786.0
807,Customer_807,customer807@mail.com,stored,Rice,2024-01-08,2024-05-03,156,7800,116,39,23524.8,yes,25,0,2024-05-03,-23524.8
1461,Customer_1461,customer1461@mail.com,stored,Wheat,2023-06-29,2023-11-16,180,9000,140,49,41160.0,yes,42,378000,2023-11-16,336840.0
476,Customer_476,customer476@mail.com,stored,Millet,2023-10-23,2023-12-17,147,7350,55,52,14014.0,yes,46,0,2023-12-17,-14014.0
696,Customer_696,customer696@mail.com,stored,Wheat,2024-04-23,2024-08-29,22,1100,128,46,4317.87,partial,42,46200,2024-08-29,41882.13
1254,Customer_1254,customer1254@mail.com,stored,Maize,2023-05-06,2023-10-27,43,2150,174,44,10973.6,no,37,79550,2023-10-27,68576.4
1218,Customer_1218,customer1218@mail.com,storing,Sorghum,2024-05-31,2024-07-28,73,1825,58,21,2963.8,yes,36,0,2024-07-28,-2963.8
1548,Customer_1548,customer1548@mail.com,stored,Maize,2023-04-12,2023-08-06,135,6750,116,31,16182.0,yes,41,0,2023-08-06,-16182.0
1680,Customer_1680,customer1680@mail.com,stored,Rice,2023-04-05,2023-07-22,174,4350,108,56,35078.4,no,54,0,2023-07-22,-35078.4
1771,Customer_1771,customer1771@mail.com,storing,Wheat,2023-08-28,2023-11-26,82,4100,90,37,9102.0,yes,34,0,2023-11-26,-9102.0
282,Customer_282,customer282@mail.com,sold,Maize,2023-04-27,2023-06-22,86,2150,56,49,7866.13,no,32,0,2023-06-22,-7866.13
1503,Customer_1503,customer1503@mail.com,storing,Maize,2024-01-13,2024-02-01,19,950,19,56,673.87,yes,49,46550,2024-02-01,45876.13
1562,Customer_1562,customer1562@mail.com,sold,Barley,2023-09-02,2023-11-04,37,1850,63,46,3574.2,no,43,0,2023-11-04,-3574.2
1683,Customer_1683,customer1683@mail.com,storing,Maize,2024-05-16,2024-06-11,57,2850,26,23,1136.2,yes,37,0,2024-06-11,-1136.2
170,Customer_170,customer170@mail.com,sold,Maize,2023-03-19,2023-08-12,71,1775,146,56,19349.87,no,43,76325,2023-08-12,56975.13
1774,Customer_1774,customer1774@mail.com,stored,Rice,2023-01-08,2023-03-22,99,4950,73,51,12285.9,partial,54,267300,2023-03-22,255014.1
695,Customer_695,customer695@mail.com,stored,Maize,2024-03-21,2024-05-19,24,600,59,40,1888.0,no,25,0,2024-05-19,-1888.0
1636,Customer_1636,customer1636@mail.com,storing,Wheat,2023-11-19,2024-01-03,164,4100,45,56,13776.0,partial,41,168100,2024-01-03,154324.0
929,Customer_929,customer929@mail.com,stored,Sorghum,2024-02-17,2024-03-29,134,6700,41,25,4578.33,no,36,0,2024-03-29,-4578.33
1641,Customer_1641,customer1641@mail.com,sold,Millet,2023-03-21,2023-05-06,163,8150,46,22,5498.53,no,42,0,2023-05-06,-5498.53
329,Customer_329,customer329@mail.com,sold,Sorghum,2024-07-15,2024-12-02,38,950,140,50,8866.67,yes,51,0,2024-12-02,-8866.67
241,Customer_241,customer241@mail.com,storing,Wheat,2024-06-15,2024-09-07,10,500,84,47,1316.0,partial,34,0,2024-09-07,-1316.0
961,Customer_961,customer961@mail.com,storing,Sorghum,2024-06-07,2024-07-14,66,3300,37,53,4314.2,yes,38,125400,2024-07-14,121085.8
1905,Customer_1905,customer1905@mail.com,sold,Sorghum,2024-08-19,2025-01-30,80,2000,164,20,8746.67,partial,48,0,2025-01-30,-8746.67
1066,Customer_1066,customer1066@mail.com,sold,Barley,2023-01-14,2023-04-02,83,4150,78,54,11653.2,no,25,103750,2023-04-02,92096.8
1443,Customer_1443,customer1443@mail.com,sold,Millet,2024-07-29,2024-08-30,11,550,32,44,516.27,no,40,0,2024-08-30,-516.27
74,Customer_74,customer74@mail.com,sold,Maize,2023-12-19,2024-02-04,169,4225,47,57,15091.7,yes,29,122525,2024-02-04,107433.3
303,Customer_303,customer303@mail.com,storing,Millet,2023-06-17,2023-10-23,11,275,128,21,985.6,partial,47,12925,2023-10-23,11939.4
661,Customer_661,customer661@mail.com,storing,Sorghum,2023-07-30,2023-10-26,63,1575,88,52,9609.6,no,26,40950,2023-10-26,31340.4
686,Customer_686,customer686@mail.com,sold,Rice,2023-09-07,2023-10-02,119,2975,25,53,5255.83,yes,51,0,2023-10-02,-5255.83
789,Customer_789,customer789@mail.com,stored,Sorghum,2024-03-11,2024-03-26,153,7650,15,21,1606.5,no,28,0,2024-03-26,-1606.5
1723,Customer_1723,customer1723@mail.com,storing,Wheat,2023-08-06,2023-10-31,68,3400,86,41,7992.27,no,33,0,2023-10-31,-7992.27
1870,Customer_1870,customer1870@mail.com,stored,Barley,2023-11-12,2024-04-24,64,1600,164,52,18193.07,no,50,0,2024-04-24,-18193.07
320,Customer_320,customer320@mail.com,sold,Wheat,2023-06-06,2023-09-07,131,3275,93,40,16244.0,partial,50,0,2023-09-07,-16244.0
111,Customer_111,customer111@mail.com,sold,Maize,2024-07-12,2024-09-29,88,4400,79,56,12977.07,yes,49,0,2024-09-29,-12977.07
1560,Customer_1560,customer1560@mail.com,storing,Barley,2024-04-22,2024-06-28,84,4200,67,35,6566.0,yes,26,0,2024-06-28,-6566.0
1287,Customer_1287,customer1287@mail.com,stored,Rice,2023-06-03,2023-10-10,144,7200,129,41,25387.2,yes,52,374400,2023-10-10,349012.8
1875,Customer_1875,customer1875@mail.com,stored,Maize,2024-02-27,2024-06-28,67,1675,122,46,12533.47,partial,29,48575,2024-06-28,36041.53
355,Customer_355,customer355@mail.com,stored,Rice,2023-10-06,2023-11-12,169,4225,37,47,9796.37,partial,54,0,2023-11-12,-9796.37
1408,Customer_1408,customer1408@mail.com,storing,Wheat,2024-05-20,2024-09-09,187,4675,112,40,27925.33,yes,27,0,2024-09-09,-27925.33
1788,Customer_1788,customer1788@mail.com,stored,Rice,2024-07-10,2024-10-26,108,5400,108,22,8553.6,partial,50,270000,2024-10-26,261446.4
1742,Customer_1742,customer1742@mail.com,stored,Wheat,2023-06-24,2023-08-24,154,3850,61,51,15969.8,no,48,184800,2023-08-24,168830.2
1290,Customer_1290,customer1290@mail.com,storing,Maize,2024-04-14,2024-05-28,81,4050,44,40,4752.0,no,54,0,2024-05-28,-4752.0
1203,Customer_1203,customer1203@mail.com,storing,Sorghum,2023-01-03,2023-02-01,157,7850,29,58,8802.47,no,53,416050,2023-02-01,407247.53
422,Customer_422,customer422@mail.com,sold,Wheat,2023-02-19,2023-04-28,124,6200,68,36,10118.4,partial,27,167400,2023-04-28,157281.6
1258,Customer_1258,customer1258@mail.com,storing,Rice,2024-06-28,2024-07-08,164,4100,10,27,1476.0,yes,25,0,2024-07-08,-1476.0
974,Customer_974,customer974@mail.com,stored,Wheat,2023-05-07,2023-07-24,99,4950,78,42,10810.8,no,25,123750,2023-07-24,112939.2
136,Customer_136,customer136@mail.com,sold,Barley,2023-02-27,2023-05-08,55,2750,70,33,4235.0,partial,43,0,2023-05-08,-4235.0
952,Customer_952,customer952@mail.com,storing,Rice,2024-05-29,2024-11-21,180,4500,176,33,34848.0,yes,44,0,2024-11-21,-34848.0
1970,Customer_1970,customer1970@mail.com,sold,Rice,2023-07-19,2023-11-28,180,9000,132,22,17424.0,yes,44,0,2023-11-28,-17424.0
1997,Customer_1997,customer1997@mail.com,sold,Barley,2023-07-19,2023-11-21,170,4250,125,37,26208.33,yes,34,144500,2023-11-21,118291.67
304,Customer_304,customer304@mail.com,stored,Maize,2023-12-20,2024-02-05,198,9900,47,42,13028.4,yes,38,376200,2024-02-05,363171.6
583,Customer_583,customer583@mail.com,stored,Maize,2023-04-15,2023-05-06,158,7900,21,22,2433.2,no,30,0,2023-05-06,-2433.2
404,Customer_404,customer404@mail.com,stored,Wheat,2024-01-19,2024-06-13,151,3775,146,20,14697.33,yes,52,196300,2024-06-13,181602.67
885,Customer_885,customer885@mail.com,stored,Sorghum,2023-06-21,2023-12-06,196,4900,168,43,47196.8,yes,34,0,2023-12-06,-47196.8
1759,Customer_1759,customer1759@mail.com,stored,Sorghum,2023-09-01,2023-12-11,101,2525,101,45,15301.5,no,32,0,2023-12-11,-15301.5
166,Customer_166,customer166@mail.com,stored,Rice,2023-08-08,2023-11-19,159,3975,103,34,18560.6,partial,26,0,2023-11-19,-18560.6
275,Customer_275,customer275@mail.com,sold,Millet,2023-11-23,2024-03-16,36,900,114,40,5472.0,partial,47,0,2024-03-16,-5472.0
116,Customer_116,customer116@mail.com,sold,Barley,2023-05-05,2023-05-28,111,5550,23,25,2127.5,no,45,249750,2023-05-28,247622.5
1905,Customer_1905,customer1905@mail.com,stored,Barley,2024-04-29,2024-07-29,92,2300,91,51,14232.4,yes,52,0,2024-07-29,-14232.4
1808,Customer_1808,customer1808@mail.com,storing,Wheat,2024-08-15,2024-12-23,66,3300,130,56,16016.0,yes,43,0,2024-12-23,-16016.0
1282,Customer_1282,customer1282@mail.com,sold,Wheat,2023-10-22,2024-02-27,90,2250,128,33,12672.0,yes,44,0,2024-02-27,-12672.0
1007,Customer_1007,customer1007@mail.com,sold,Maize,2023-09-09,2024-02-06,102,2550,150,51,26010.0,yes,33,0,2024-02-06,-26010.0
652,Customer_652,customer652@mail.com,stored,Sorghum,2024-05-10,2024-07-01,143,3575,52,44,10906.13,no,27,96525,2024-07-01,85618.87
1287,Customer_1287,customer1287@mail.com,storing,Sorghum,2023-04-20,2023-06-11,154,3850,52,53,14147.47,yes,37,0,2023-06-11,-14147.47
1896,Customer_1896,customer1896@mail.com,sold,Sorghum,2023-06-05,2023-11-19,14,700,167,40,3117.33,partial,47,0,2023-11-19,-3117.33
622,Customer_622,customer622@mail.com,storing,Barley,2023-06-08,2023-07-18,97,2425,40,25,3233.33,no,43,104275,2023-07-18,101041.67
69,Customer_69,customer69@mail.com,sold,Wheat,2023-07-13,2023-12-08,186,4650,148,39,35786.4,yes,54,0,2023-12-08,-35786.4
1155,Customer_1155,customer1155@mail.com,sold,Millet,2024-01-09,2024-05-03,146,7300,115,26,14551.33,partial,51,372300,2024-05-03,357748.67
213,Customer_213,customer213@mail.com,sold,Millet,2024-03-18,2024-05-20,181,4525,63,31,11783.1,partial,30,0,2024-05-20,-11783.1
390,Customer_390,customer390@mail.com,stored,Wheat,2024-02-10,2024-03-26,158,7900,45,41,9717.0,partial,25,197500,2024-03-26,187783.0
1843,Customer_1843,customer1843@mail.com,sold,Maize,2023-06-12,2023-10-24,104,2600,134,38,17652.27,no,52,0,2023-10-24,-17652.27
776,Customer_776,customer776@mail.com,stored,Millet,2023-09-10,2024-01-20,59,2950,132,26,6749.6,no,33,0,2024-01-20,-6749.6
700,Customer_700,customer700@mail.com,sold,Millet,2023-06-06,2023-07-29,101,5050,53,48,8564.8,no,44,0,2023-07-29,-8564.8
1721,Customer_1721,customer1721@mail.com,stored,Rice,2024-05-29,2024-10-15,107,5350,139,40,19830.67,yes,48,0,2024-10-15,-19830.67
1762,Customer_1762,customer1762@mail.com,storing,Wheat,2024-06-25,2024-12-15,174,8700,173,28,28095.2,yes,42,365400,2024-12-15,337304.8
1008,Customer_1008,customer1008@mail.com,stored,Millet,2023-06-12,2023-07-25,29,725,43,30,1247.0,partial,28,20300,2023-07-25,19053.0
920,Customer_920,customer920@mail.com,sold,Wheat,2023-12-19,2024-01-11,126,6300,23,37,3574.2,no,44,0,2024-01-11,-3574.2
1521,Customer_1521,customer1521@mail.com,sold,Wheat,2023-08-09,2023-09-13,138,6900,35,31,4991.0,yes,36,0,2023-09-13,-4991.0
1403,Customer_1403,customer1403@mail.com,stored,Millet,2024-03-30,2024-06-27,16,800,89,51,2420.8,partial,30,24000,2024-06-27,21579.2
196,Customer_196,customer196@mail.com,storing,Millet,2023-08-24,2024-01-10,137,6850,139,59,37451.23,yes,42,287700,2024-01-10,250248.77
677,Customer_677,customer677@mail.com,sold,Rice,2023-10-02,2024-01-03,49,2450,93,36,5468.4,yes,51,124950,2024-01-03,119481.6
1037,Customer_1037,customer1037@mail.com,storing,Maize,2023-07-06,2023-11-26,121,3025,143,43,24800.97,no,42,0,2023-11-26,-24800.97
1286,Customer_1286,customer1286@mail.com,sold,Maize,2023-01-17,2023-07-09,83,2075,173,24,11487.2,partial,51,105825,2023-07-09,94337.8
1047,Customer_1047,customer1047@mail.com,stored,Millet,2023-05-15,2023-10-19,19,475,157,56,5568.27,partial,53,25175,2023-10-19,19606.73
366,Customer_366,customer366@mail.com,storing,Millet,2023-09-23,2023-10-07,125,3125,14,52,3033.33,partial,31,0,2023-10-07,-3033.33
1504,Customer_1504,customer1504@mail.com,storing,Millet,2023-01-17,2023-05-26,59,1475,129,60,15222.0,yes,41,0,2023-05-26,-15222.0
1756,Customer_1756,customer1756@mail.com,stored,Maize,2024-02-20,2024-03-20,188,9400,29,45,8178.0,yes,42,0,2024-03-20,-8178.0
1804,Customer_1804,customer1804@mail.com,stored,Sorghum,2024-05-26,2024-10-16,171,8550,143,53,43200.3,no,44,0,2024-10-16,-43200.3
924,Customer_924,customer924@mail.com,storing,Maize,2023-01-31,2023-06-24,75,1875,144,26,9360.0,yes,50,0,2023-06-24,-9360.0
716,Customer_716,customer716@mail.com,sold,Barley,2023-12-03,2023-12-29,41,1025,26,35,1243.67,partial,35,35875,2023-12-29,34631.33
509,Customer_509,customer509@mail.com,sold,Sorghum,2023-05-02,2023-05-31,82,2050,29,25,1981.67,no,35,71750,2023-05-31,69768.33
1779,Customer_1779,customer1779@mail.com,stored,Millet,2023-08-19,2023-11-10,50,2500,83,24,3320.0,partial,42,105000,2023-11-10,101680.0
883,Customer_883,customer883@mail.com,storing,Rice,2023-08-09,2024-01-22,25,625,166,57,7885.0,no,33,20625,2024-01-22,12740.0
1505,Customer_1505,customer1505@mail.com,stored,Wheat,2023-01-04,2023-04-15,114,5700,101,48,18422.4,partial,32,0,2023-04-15,-18422.4
253,Customer_253,customer253@mail.com,storing,Rice,2023-06-30,2023-12-03,160,4000,156,36,29952.0,yes,29,116000,2023-12-03,86048.0
758,Customer_758,customer758@mail.com,sold,Sorghum,2023-02-19,2023-03-15,148,7400,24,38,4499.2,partial,46,340400,2023-03-15,335900.8
1760,Customer_1760,customer1760@mail.com,storing,Sorghum,2023-07-19,2024-01-06,35,1750,171,36,7182.0,yes,41,71750,2024-01-06,64568.0
1626,Customer_1626,customer1626@mail.com,stored,Rice,2023-01-14,2023-05-19,144,7200,125,58,34800.0,partial,42,0,2023-05-19,-34800.0
1580,Customer_1580,customer1580@mail.com,sold,Barley,2023-09-04,2023-11-25,66,3300,82,51,9200.4,no,52,171600,2023-11-25,162399.6
1967,Customer_1967,customer1967@mail.com,stored,Sorghum,2024-07-23,2024-11-10,19,475,110,27,1881.0,partial,38,18050,2024-11-10,16169.0
1571,Customer_1571,customer1571@mail.com,storing,Wheat,2023-03-06,2023-06-26,25,1250,112,40,3733.33,partial,51,63750,2023-06-26,60016.67
686,Customer_686,customer686@mail.com,stored,Rice,2023-06-27,2023-08-16,109,2725,50,48,8720.0,yes,46,125350,2023-08-16,116630.0
296,Customer_296,customer296@mail.com,stored,Millet,2023-09-26,2024-02-06,110,2750,133,31,15117.67,partial,33,0,2024-02-06,-15117.67
1787,Customer_1787,customer1787@mail.com,storing,Sorghum,2023-02-18,2023-08-04,196,9800,167,41,44733.73,no,44,431200,2023-08-04,386466.27
1276,Customer_1276,customer1276@mail.com,sold,Barley,2023-05-26,2023-10-15,111,2775,142,47,24693.8,no,54,149850,2023-10-15,125156.2
1530,Customer_1530,customer1530@mail.com,sold,Maize,2024-07-16,2024-08-11,104,2600,26,60,5408.0,partial,33,0,2024-08-11,-5408.0
466,Customer_466,customer466@mail.com,storing,Maize,2023-04-03,2023-08-10,10,500,129,51,2193.0,yes,36,18000,2023-08-10,15807.0
933,Customer_933,customer933@mail.com,storing,Millet,2023-11-09,2024-03-06,102,5100,118,32,12838.4,no,49,249900,2024-03-06,237061.6
1458,Customer_1458,customer1458@mail.com,stored,Rice,2023-05-02,2023-08-18,55,2750,108,31,6138.0,yes,34,0,2023-08-18,-6138.0
1589,Customer_1589,customer1589@mail.com,stored,Millet,2023-03-26,2023-08-18,125,3125,145,35,21145.83,partial,37,0,2023-08-18,-21145.83
938,Customer_938,customer938@mail.com,stored,Sorghum,2023-08-12,2023-11-28,142,7100,108,34,17380.8,partial,25,177500,2023-11-28,160119.2
254,Customer_254,customer254@mail.com,stored,Millet,2023-04-22,2023-10-02,71,1775,163,54,20831.4,yes,43,76325,2023-10-02,55493.6
308,Customer_308,customer308@mail.com,storing,Maize,2024-07-03,2024-11-29,109,5450,149,36,19489.2,no,38,0,2024-11-29,-19489.2
321,Customer_321,customer321@mail.com,storing,Sorghum,2023-05-16,2023-10-01,134,3350,138,30,18492.0,no,36,120600,2023-10-01,102108.0
440,Customer_440,customer440@mail.com,sold,Barley,2023-09-09,2023-10-25,143,7150,46,22,4823.87,yes,50,357500,2023-10-25,352676.13
569,Customer_569,customer569@mail.com,stored,Maize,2024-08-21,2024-10-14,157,3925,54,31,8760.6,no,51,0,2024-10-14,-8760.6
1123,Customer_1123,customer1123@mail.com,sold,Maize,2023-10-10,2023-11-25,19,950,46,23,670.07,no,32,0,2023-11-25,-670.07
930,Customer_930,customer930@mail.com,storing,Millet,2024-03-30,2024-04-16,159,3975,17,35,3153.5,yes,39,0,2024-04-16,-3153.5
250,Customer_250,customer250@mail.com,sold,Barley,2023-08-12,2023-11-25,71,1775,105,23,5715.5,yes,55,0,2023-11-25,-5715.5
1276,Customer_1276,customer1276@mail.com,stored,Barley,2023-09-07,2023-10-26,47,1175,49,30,2303.0,yes,38,44650,2023-10-26,42347.0
151,Customer_151,customer151@mail.com,stored,Sorghum,2023-04-28,2023-08-23,41,1025,117,56,8954.4,partial,39,39975,2023-08-23,31020.6
1497,Customer_1497,customer1497@mail.com,sold,Wheat,2023-01-17,2023-03-02,134,3350,44,42,8254.4,yes,34,113900,2023-03-02,105645.6
262,Customer_262,customer262@mail.com,stored,Wheat,2024-04-13,2024-06-09,136,3400,57,54,13953.6,no,33,112200,2024-06-09,98246.4
726,Customer_726,customer726@mail.com,sold,Rice,2023-06-07,2023-07-09,79,1975,32,59,4971.73,yes,37,0,2023-07-09,-4971.73
1813,Customer_1813,customer1813@mail.com,sold,Maize,2024-07-22,2024-08-12,100,2500,21,42,2940.0,yes,41,102500,2024-08-12,99560.0
783,Customer_783,customer783@mail.com,storing,Millet,2023-09-16,2024-02-03,128,6400,140,39,23296.0,no,33,0,2024-02-03,-23296.0
1463,Customer_1463,customer1463@mail.com,stored,Millet,2024-06-28,2024-09-01,176,4400,65,41,15634.67,partial,42,0,2024-09-01,-15634.67
1395,Customer_1395,customer1395@mail.com,stored,Millet,2023-11-26,2024-01-28,85,2125,63,23,4105.5,no,36,76500,2024-01-28,72394.5
1265,Customer_1265,customer1265@mail.com,storing,Millet,2023-02-27,2023-04-27,116,5800,59,22,5018.93,no,43,0,2023-04-27,-5018.93
759,Customer_759,customer759@mail.com,stored,Wheat,2023-11-30,2024-02-11,85,2125,73,49,10134.83,no,35,0,2024-02-11,-10134.83
1128,Customer_1128,customer1128@mail.com,storing,Maize,2024-04-01,2024-05-26,104,5200,55,60,11440.0,no,45,234000,2024-05-26,222560.0
1294,Customer_1294,customer1294@mail.com,storing,Millet,2023-07-24,2023-11-12,142,3550,111,52,27320.8,no,42,149100,2023-11-12,121779.2
681,Customer_681,customer681@mail.com,stored,Millet,2023-08-04,2023-11-24,57,2850,112,53,11278.4,partial,43,122550,2023-11-24,111271.6
655,Customer_655,customer655@mail.com,storing,Rice,2024-08-14,2024-12-06,160,8000,114,31,18848.0,partial,45,360000,2024-12-06,341152.0
1733,Customer_1733,customer1733@mail.com,storing,Barley,2024-03-21,2024-09-04,198,9900,167,39,42985.8,no,44,435600,2024-09-04,392614.2
443,Customer_443,customer443@mail.com,sold,Millet,2023-03-26,2023-09-12,38,1900,170,32,6890.67,yes,35,0,2023-09-12,-6890.67
1418,Customer_1418,customer1418@mail.com,stored,Millet,2024-02-23,2024-03-18,66,3300,24,25,1320.0,no,50,0,2024-03-18,-1320.0
1935,Customer_1935,customer1935@mail.com,sold,Barley,2023-06-11,2023-09-27,85,2125,108,55,16830.0,no,30,0,2023-09-27,-16830.0
887,Customer_887,customer887@mail.com,storing,Barley,2023-04-15,2023-05-03,130,3250,18,46,3588.0,partial,25,81250,2023-05-03,77662.0
1310,Customer_1310,customer1310@mail.com,stored,Millet,2024-05-03,2024-08-16,198,4950,105,24,16632.0,yes,43,0,2024-08-16,-16632.0
1268,Customer_1268,customer1268@mail.com,stored,Millet,2023-01-12,2023-02-27,100,5000,46,43,6593.33,no,50,0,2023-02-27,-6593.33
720,Customer_720,customer720@mail.com,stored,Millet,2023-02-05,2023-05-09,68,3400,93,37,7799.6,no,55,187000,2023-05-09,179200.4
1033,Customer_1033,customer1033@mail.com,stored,Barley,2024-01-17,2024-07-13,40,1000,178,49,11629.33,no,44,44000,2024-07-13,32370.67
377,Customer_377,customer377@mail.com,storing,Sorghum,2024-07-31,2024-09-18,179,4475,49,47,13741.23,yes,27,0,2024-09-18,-13741.23
337,Customer_337,customer337@mail.com,storing,Sorghum,2023-05-07,2023-09-07,79,1975,123,50,16195.0,no,35,0,2023-09-07,-16195.0
1552,Customer_1552,customer1552@mail.com,stored,Wheat,2023-06-01,2023-07-16,94,2350,45,23,3243.0,no,38,89300,2023-07-16,86057.0
1922,Customer_1922,customer1922@mail.com,storing,Rice,2024-08-01,2024-12-16,147,3675,137,53,35578.9,partial,35,0,2024-12-16,-35578.9
710,Customer_710,customer710@mail.com,stored,Wheat,2023-10-01,2024-03-13,110,5500,164,37,22249.33,no,52,0,2024-03-13,-22249.33
51,Customer_51,customer51@mail.com,sold,Wheat,2024-01-14,2024-05-01,197,4925,108,21,14893.2,partial,35,172375,2024-05-01,157481.8
739,Customer_739,customer739@mail.com,stored,Maize,2023-10-28,2023-11-25,46,2300,28,41,1760.27,no,43,98900,2023-11-25,97139.73
930,Customer_930,customer930@mail.com,storing,Barley,2023-09-20,2024-02-25,30,1500,158,34,5372.0,no,25,0,2024-02-25,-5372.0
1388,Customer_1388,customer1388@mail.com,stored,Millet,2023-11-27,2024-02-14,144,3600,79,29,10996.8,no,44,158400,2024-02-14,147403.2
624,Customer_624,customer624@mail.com,storing,Wheat,2023-10-10,2023-12-25,50,1250,76,39,4940.0,partial,54,0,2023-12-25,-4940.0
1933,Customer_1933,customer1933@mail.com,sold,Barley,2023-07-29,2023-12-03,107,2675,127,41,18571.63,yes,30,0,2023-12-03,-18571.63
776,Customer_776,customer776@mail.com,sold,Millet,2024-04-03,2024-06-17,170,8500,75,48,20400.0,yes,39,0,2024-06-17,-20400.0
1488,Customer_1488,customer1488@mail.com,storing,Maize,2023-01-11,2023-06-15,156,3900,155,35,28210.0,no,43,0,2023-06-15,-28210.0
1273,Customer_1273,customer1273@mail.com,sold,Rice,2023-03-13,2023-08-03,196,4900,143,55,51384.67,no,45,0,2023-08-03,-51384.67
1645,Customer_1645,customer1645@mail.com,sold,Rice,2024-08-05,2024-12-16,66,3300,133,35,10241.0,no,55,0,2024-12-16,-10241.0
41,Customer_41,customer41@mail.com,sold,Wheat,2024-05-27,2024-07-24,25,1250,58,24,1160.0,no,38,0,2024-07-24,-1160.0
1187,Customer_1187,customer1187@mail.com,stored,Rice,2023-07-28,2023-09-09,78,3900,43,31,3465.8,yes,36,140400,2023-09-09,136934.2
227,Customer_227,customer227@mail.com,storing,Rice,2023-08-16,2023-11-21,71,3550,97,60,13774.0,partial,32,113600,2023-11-21,99826.0
373,Customer_373,customer373@mail.com,stored,Rice,2023-03-16,2023-07-08,172,4300,114,55,35948.0,partial,55,0,2023-07-08,-35948.0
1658,Customer_1658,customer1658@mail.com,storing,Millet,2024-05-10,2024-06-04,179,8950,25,53,7905.83,yes,30,0,2024-06-04,-7905.83
1566,Customer_1566,customer1566@mail.com,stored,Barley,2023-04-11,2023-07-20,27,675,100,47,4230.0,yes,33,0,2023-07-20,-4230.0
473,Customer_473,customer473@mail.com,storing,Sorghum,2024-07-07,2024-11-13,173,8650,129,56,41658.4,yes,34,0,2024-11-13,-41658.4
1879,Customer_1879,customer1879@mail.com,storing,Barley,2023-12-02,2024-02-24,190,9500,84,52,27664.0,yes,50,0,2024-02-24,-27664.0
1807,Customer_1807,customer1807@mail.com,sold,Wheat,2023-03-05,2023-03-25,115,2875,20,47,3603.33,no,49,0,2023-03-25,-3603.33
1157,Customer_1157,customer1157@mail.com,storing,Sorghum,2023-11-11,2024-03-10,62,3100,120,32,7936.0,partial,49,0,2024-03-10,-7936.0
182,Customer_182,customer182@mail.com,sold,Wheat,2024-04-01,2024-09-03,11,550,155,40,2273.33,partial,50,0,2024-09-03,-2273.33
995,Customer_995,customer995@mail.com,sold,Barley,2023-07-25,2023-11-02,187,9350,100,36,22440.0,no,32,299200,2023-11-02,276760.0
68,Customer_68,customer68@mail.com,stored,Millet,2023-05-26,2023-11-10,72,1800,168,30,12096.0,yes,29,52200,2023-11-10,40104.0
1611,Customer_1611,customer1611@mail.com,stored,Rice,2023-10-15,2024-02-09,143,3575,117,55,30673.5,partial,25,0,2024-02-09,-30673.5
424,Customer_424,customer424@mail.com,sold,Maize,2023-12-09,2024-03-21,21,1050,103,31,2235.1,yes,53,0,2024-03-21,-2235.1
1776,Customer_1776,customer1776@mail.com,storing,Millet,2024-01-30,2024-04-09,150,3750,70,35,12250.0,yes,47,0,2024-04-09,-12250.0
375,Customer_375,customer375@mail.com,storing,Barley,2024-04-25,2024-07-28,157,3925,94,38,18693.47,partial,41,0,2024-07-28,-18693.47
9,Customer_9,customer9@mail.com,sold,Rice,2023-07-16,2023-11-15,196,4900,122,26,20723.73,no,34,166600,2023-11-15,145876.27
1030,Customer_1030,customer1030@mail.com,stored,Barley,2024-06-29,2024-11-25,142,7100,149,33,23273.8,yes,53,0,2024-11-25,-23273.8
343,Customer_343,customer343@mail.com,storing,Barley,2024-07-17,2024-11-16,23,1150,122,26,2431.87,yes,39,44850,2024-11-16,42418.13
1384,Customer_1384,customer1384@mail.com,stored,Rice,2023-11-14,2024-02-17,186,4650,95,39,22971.0,yes,54,251100,2024-02-17,228129.0
347,Customer_347,customer347@mail.com,storing,Millet,2024-03-18,2024-08-19,198,4950,154,46,46754.4,yes,43,0,2024-08-19,-46754.4
675,Customer_675,customer675@mail.com,sold,Sorghum,2024-05-30,2024-09-11,194,9700,104,33,22193.6,yes,55,533500,2024-09-11,511306.4
726,Customer_726,customer726@mail.com,sold,Maize,2023-01-29,2023-06-16,66,1650,138,40,12144.0,partial,46,0,2023-06-16,-12144.0
466,Customer_466,customer466@mail.com,storing,Millet,2023-05-21,2023-10-20,118,2950,152,50,29893.33,partial,27,79650,2023-10-20,49756.67
458,Customer_458,customer458@mail.com,sold,Maize,2023-06-03,2023-08-11,28,700,69,38,2447.2,partial,53,37100,2023-08-11,34652.8
130,Customer_130,customer130@mail.com,storing,Maize,2024-02-16,2024-05-27,97,4850,101,52,16981.47,no,27,0,2024-05-27,-16981.47
768,Customer_768,customer768@mail.com,sold,Sorghum,2023-11-12,2024-02-04,107,2675,84,42,12583.2,no,54,144450,2024-02-04,131866.8
542,Customer_542,customer542@mail.com,storing,Rice,2023-03-31,2023-05-04,81,2025,34,55,5049.0,no,32,0,2023-05-04,-5049.0
62,Customer_62,customer62@mail.com,stored,Barley,2024-02-28,2024-03-13,178,4450,14,49,4070.27,yes,39,0,2024-03-13,-4070.27
4,Customer_4,customer4@mail.com,sold,Maize,2023-10-31,2024-03-23,74,1850,144,59,20956.8,yes,47,86950,2024-03-23,65993.2
1052,Customer_1052,customer1052@mail.com,stored,Millet,2024-05-17,2024-07-25,99,2475,69,55,12523.5,no,51,126225,2024-07-25,113701.5
1605,Customer_1605,customer1605@mail.com,stored,Barley,2023-02-06,2023-05-05,30,750,88,55,4840.0,yes,35,26250,2023-05-05,21410.0
806,Customer_806,customer806@mail.com,stored,Barley,2024-08-19,2024-11-18,162,8100,91,32,15724.8,partial,52,0,2024-11-18,-15724.8
1114,Customer_1114,customer1114@mail.com,stored,Barley,2023-04-07,2023-05-21,163,4075,44,59,14104.93,no,27,110025,2023-05-21,95920.07
455,Customer_455,customer455@mail.com,sold,Wheat,2024-05-25,2024-10-31,27,1350,159,47,6725.7,partial,48,64800,2024-10-31,58074.3
848,Customer_848,customer848@mail.com,storing,Millet,2023-02-12,2023-05-10,123,3075,87,54,19261.8,yes,38,0,2023-05-10,-19261.8
1551,Customer_1551,customer1551@mail.com,sold,Maize,2024-05-21,2024-07-24,23,575,64,41,2011.73,partial,27,15525,2024-07-24,13513.27
17,Customer_17,customer17@mail.com,storing,Wheat,2023-07-28,2023-11-18,87,4350,113,34,11141.8,no,43,187050,2023-11-18,175908.2
274,Customer_274,customer274@mail.com,storing,Sorghum,2023-06-18,2023-11-06,165,8250,141,46,35673.0,yes,28,231000,2023-11-06,195327.0
13,Customer_13,customer13@mail.com,stored,Rice,2023-02-20,2023-05-26,157,7850,95,30,14915.0,partial,36,0,2023-05-26,-14915.0
514,Customer_514,customer514@mail.com,storing,Sorghum,2023-07-14,2023-12-22,99,2475,161,20,10626.0,partial,27,66825,2023-12-22,56199.0
1789,Customer_1789,customer1789@mail.com,sold,Barley,2024-07-13,2024-10-05,90,2250,84,49,12348.0,yes,54,121500,2024-10-05,109152.0
1240,Customer_1240,customer1240@mail.com,sold,Sorghum,2024-04-25,2024-07-20,71,1775,86,48,9769.6,partial,34,60350,2024-07-20,50580.4
300,Customer_300,customer300@mail.com,stored,Wheat,2023-12-24,2024-01-27,61,3050,34,34,2350.53,yes,25,76250,2024-01-27,73899.47
1106,Customer_1106,customer1106@mail.com,storing,Sorghum,2024-04-17,2024-10-06,146,3650,172,34,28460.27,partial,30,0,2024-10-06,-28460.27
131,Customer_131,customer131@mail.com,sold,Sorghum,2024-02-09,2024-06-02,184,9200,114,54,37756.8,yes,54,496800,2024-06-02,459043.2
1127,Customer_1127,customer1127@mail.com,stored,Maize,2024-08-03,2024-11-13,155,3875,102,39,20553.0,yes,37,0,2024-11-13,-20553.0
1224,Customer_1224,customer1224@mail.com,stored,Wheat,2024-04-04,2024-07-07,110,5500,94,39,13442.0,no,37,203500,2024-07-07,190058.0
1430,Customer_1430,customer1430@mail.com,sold,Millet,2023-06-20,2023-09-29,151,7550,101,44,22368.13,yes,42,317100,2023-09-29,294731.87
47,Customer_47,customer47@mail.com,stored,Sorghum,2023-04-28,2023-10-02,57,2850,157,40,11932.0,yes,51,145350,2023-10-02,133418.0
873,Customer_873,customer873@mail.com,stored,Millet,2023-01-26,2023-03-29,130,6500,62,33,8866.0,yes,49,0,2023-03-29,-8866.0
898,Customer_898,customer898@mail.com,stored,Sorghum,2024-05-05,2024-09-24,193,4825,142,54,49330.8,no,35,168875,2024-09-24,119544.2
747,Customer_747,customer747@mail.com,storing,Millet,2024-01-08,2024-02-18,59,1475,41,53,4273.57,yes,49,72275,2024-02-18,68001.43
44,Customer_44,customer44@mail.com,storing,Rice,2023-05-25,2023-09-20,83,4150,118,47,15343.93,yes,41,170150,2023-09-20,154806.07
1549,Customer_1549,customer1549@mail.com,stored,Millet,2024-04-25,2024-09-20,199,9950,148,32,31415.47,no,30,298500,2024-09-20,267084.53
793,Customer_793,customer793@mail.com,stored,Maize,2023-12-13,2024-05-22,31,775,161,29,4824.63,no,46,35650,2024-05-22,30825.37
601,Customer_601,customer601@mail.com,sold,Barley,2023-03-24,2023-08-10,197,4925,139,49,44725.57,partial,45,0,2023-08-10,-44725.57
354,Customer_354,customer354@mail.com,stored,Rice,2024-08-23,2024-12-15,34,850,114,41,5297.2,yes,42,35700,2024-12-15,30402.8
1161,Customer_1161,customer1161@mail.com,storing,Wheat,2023-11-02,2024-03-06,152,3800,125,54,34200.0,no,45,171000,2024-03-06,136800.0
1655,Customer_1655,customer1655@mail.com,sold,Wheat,2023-11-21,2024-04-07,29,1450,138,45,6003.0,no,28,0,2024-04-07,-6003.0
1367,Customer_1367,customer1367@mail.com,storing,Millet,2024-01-16,2024-03-16,99,2475,60,25,4950.0,partial,41,101475,2024-03-16,96525.0
886,Customer_886,customer886@mail.com,storing,Barley,2023-11-25,2024-02-11,66,1650,78,41,7035.6,partial,43,70950,2024-02-11,63914.4
1964,Customer_1964,customer1964@mail.com,stored,Rice,2024-03-01,2024-04-07,43,1075,37,29,1537.97,no,38,0,2024-04-07,-1537.97
237,Customer_237,customer237@mail.com,stored,Barley,2023-11-07,2024-03-02,150,3750,116,52,30160.0,yes,31,0,2024-03-02,-30160.0
1672,Customer_1672,customer1672@mail.com,stored,Wheat,2023-09-22,2023-11-21,139,3475,60,37,10286.0,partial,49,0,2023-11-21,-10286.0
1589,Customer_1589,customer1589@mail.com,stored,Sorghum,2023-07-15,2023-10-20,28,700,97,55,4979.33,no,34,23800,2023-10-20,18820.67
575,Customer_575,customer575@mail.com,sold,Sorghum,2023-02-06,2023-07-05,96,2400,149,37,17641.6,yes,34,81600,2023-07-05,63958.4
1211,Customer_1211,customer1211@mail.com,storing,Wheat,2023-04-29,2023-06-23,33,1650,55,38,2299.0,no,39,64350,2023-06-23,62051.0
803,Customer_803,customer803@mail.com,storing,Barley,2024-06-25,2024-11-02,37,1850,130,60,9620.0,yes,46,85100,2024-11-02,75480.0
21,Customer_21,customer21@mail.com,stored,Wheat,2024-05-17,2024-10-13,129,3225,149,26,16658.2,partial,48,154800,2024-10-13,138141.8
130,Customer_130,customer130@mail.com,sold,Maize,2023-03-04,2023-07-26,57,2850,144,37,10123.2,partial,46,0,2023-07-26,-10123.2
973,Customer_973,customer973@mail.com,stored,Rice,2024-01-19,2024-04-09,200,5000,81,36,19440.0,yes,33,165000,2024-04-09,145560.0
1517,Customer_1517,customer1517@mail.com,storing,Maize,2023-07-09,2023-07-23,178,4450,14,50,4153.33,no,27,0,2023-07-23,-4153.33
249,Customer_249,customer249@mail.com,storing,Rice,2023-08-17,2023-10-19,85,2125,63,51,9103.5,partial,30,0,2023-10-19,-9103.5
144,Customer_144,customer144@mail.com,storing,Wheat,2023-09-30,2024-03-18,186,9300,170,21,22134.0,yes,38,353400,2024-03-18,331266.0
1641,Customer_1641,customer1641@mail.com,sold,Maize,2023-10-10,2024-02-22,87,4350,135,37,14485.5,partial,39,0,2024-02-22,-14485.5
883,Customer_883,customer883@mail.com,sold,Sorghum,2024-01-08,2024-05-07,68,3400,120,48,13056.0,yes,30,0,2024-05-07,-13056.0
123,Customer_123,customer123@mail.com,stored,Millet,2023-01-03,2023-04-09,117,5850,96,33,12355.2,yes,50,292500,2023-04-09,280144.8
490,Customer_490,customer490@mail.com,sold,Barley,2023-03-06,2023-05-27,180,9000,82,52,25584.0,yes,33,297000,2023-05-27,271416.0
1306,Customer_1306,customer1306@mail.com,storing,Millet,2023-12-18,2024-03-23,146,7300,96,32,14950.4,partial,53,386900,2024-03-23,371949.6
850,Customer_850,customer850@mail.com,sold,Barley,2023-06-05,2023-07-12,26,1300,37,20,641.33,partial,25,0,2023-07-12,-641.33
1534,Customer_1534,customer1534@mail.com,stored,Sorghum,2023-12-28,2024-04-05,56,2800,99,30,5544.0,partial,31,0,2024-04-05,-5544.0
1640,Customer_1640,customer1640@mail.com,stored,Barley,2023-06-15,2023-10-23,28,700,130,48,5824.0,yes,29,20300,2023-10-23,14476.0
362,Customer_362,customer362@mail.com,stored,Sorghum,2023-08-14,2023-11-13,168,4200,91,36,18345.6,partial,25,0,2023-11-13,-18345.6
1026,Customer_1026,customer1026@mail.com,sold,Wheat,2023-09-29,2024-02-21,78,3900,145,49,18473.0,partial,54,210600,2024-02-21,192127.0
1105,Customer_1105,customer1105@mail.com,storing,Maize,2023-08-28,2023-10-28,173,4325,61,49,17236.57,partial,38,164350,2023-10-28,147113.43
919,Customer_919,customer919@mail.com,sold,Millet,2023-06-21,2023-08-15,81,4050,55,27,4009.5,no,26,105300,2023-08-15,101290.5
1598,Customer_1598,customer1598@mail.com,storing,Barley,2024-08-07,2024-09-19,130,3250,43,46,8571.33,partial,33,107250,2024-09-19,98678.67
309,Customer_309,customer309@mail.com,sold,Sorghum,2023-05-04,2023-07-30,88,4400,87,22,5614.4,yes,46,0,2023-07-30,-5614.4
305,Customer_305,customer305@mail.com,storing,Millet,2023-05-07,2023-08-23,130,6500,108,58,27144.0,no,39,0,2023-08-23,-27144.0
1619,Customer_1619,customer1619@mail.com,sold,Maize,2024-08-20,2024-09-25,143,3575,36,35,6006.0,yes,41,0,2024-09-25,-6006.0
1126,Customer_1126,customer1126@mail.com,sold,Barley,2023-04-17,2023-05-30,87,4350,43,30,3741.0,yes,49,0,2023-05-30,-3741.0
1635,Customer_1635,customer1635@mail.com,stored,Rice,2023-03-08,2023-07-10,162,4050,124,22,14731.2,partial,34,137700,2023-07-10,122968.8
790,Customer_790,customer790@mail.com,storing,Maize,2024-07-21,2024-08-05,45,1125,15,37,832.5,partial,29,0,2024-08-05,-832.5
1195,Customer_1195,customer1195@mail.com,stored,Rice,2023-11-07,2023-12-22,147,3675,45,48,10584.0,yes,52,0,2023-12-22,-10584.0
363,Customer_363,customer363@mail.com,storing,Wheat,2024-03-17,2024-06-28,129,3225,103,35,15501.5,partial,41,132225,2024-06-28,116723.5
179,Customer_179,customer179@mail.com,stored,Sorghum,2023-08-05,2023-12-13,99,2475,130,27,11583.0,no,36,89100,2023-12-13,77517.0
1189,Customer_1189,customer1189@mail.com,stored,Millet,2024-02-22,2024-05-29,174,8700,97,56,31505.6,no,46,400200,2024-05-29,368694.4
1247,Customer_1247,customer1247@mail.com,storing,Barley,2023-03-11,2023-07-18,11,550,129,22,1040.6,partial,42,0,2023-07-18,-1040.6
188,Customer_188,customer188@mail.com,storing,Barley,2023-08-18,2023-12-28,179,4475,132,39,30716.4,no,28,125300,2023-12-28,94583.6
1640,Customer_1640,customer1640@mail.com,sold,Maize,2023-02-09,2023-03-17,11,275,36,23,303.6,no,43,11825,2023-03-17,11521.4
1101,Customer_1101,customer1101@mail.com,storing,Millet,2023-08-12,2024-01-04,126,6300,145,24,14616.0,yes,33,207900,2024-01-04,193284.0
1957,Customer_1957,customer1957@mail.com,sold,Rice,2023-05-05,2023-05-26,114,5700,21,53,4229.4,yes,36,0,2023-05-26,-4229.4
2000,Customer_2000,customer2000@mail.com,stored,Barley,2023-05-29,2023-06-25,155,7750,27,42,5859.0,partial,27,209250,2023-06-25,203391.0
2000,Customer_2000,customer2000@mail.com,sold,Sorghum,2023-03-12,2023-09-02,46,2300,174,37,9871.6,yes,31,0,2023-09-02,-9871.6
1340,Customer_1340,customer1340@mail.com,sold,Barley,2023-01-17,2023-05-03,198,4950,106,56,39177.6,yes,45,0,2023-05-03,-39177.6
1819,Customer_1819,customer1819@mail.com,stored,Wheat,2023-05-06,2023-10-22,16,400,169,47,4236.27,yes,32,0,2023-10-22,-4236.27
883,Customer_883,customer883@mail.com,storing,Rice,2024-06-26,2024-07-13,134,3350,17,23,1746.47,yes,37,123950,2024-07-13,122203.53
1441,Customer_1441,customer1441@mail.com,stored,Wheat,2023-07-22,2023-09-09,38,950,49,21,1303.4,no,51,48450,2023-09-09,47146.6
1386,Customer_1386,customer1386@mail.com,stored,Sorghum,2023-02-19,2023-03-30,53,1325,39,34,2342.6,partial,31,0,2023-03-30,-2342.6
1099,Customer_1099,customer1099@mail.com,storing,Sorghum,2024-03-25,2024-09-16,115,5750,175,25,16770.83,partial,31,0,2024-09-16,-16770.83
1266,Customer_1266,customer1266@mail.com,sold,Barley,2023-03-28,2023-05-10,199,9950,43,44,12550.27,yes,29,0,2023-05-10,-12550.27
878,Customer_878,customer878@mail.com,sold,Barley,2024-04-12,2024-09-27,45,1125,168,50,12600.0,no,40,45000,2024-09-27,32400.0
1636,Customer_1636,customer1636@mail.com,stored,Maize,2024-08-01,2024-09-07,46,2300,37,22,1248.13,partial,53,121900,2024-09-07,120651.87
633,Customer_633,customer633@mail.com,storing,Millet,2024-06-21,2024-09-10,60,3000,81,54,8748.0,no,42,126000,2024-09-10,117252.0
1033,Customer_1033,customer1033@mail.com,storing,Rice,2023-08-11,2023-09-29,152,3800,49,25,6206.67,no,34,129200,2023-09-29,122993.33
907,Customer_907,customer907@mail.com,stored,Barley,2023-11-02,2024-03-10,57,2850,129,45,11029.5,yes,43,0,2024-03-10,-11029.5
654,Customer_654,customer654@mail.com,storing,Sorghum,2024-02-17,2024-06-07,179,4475,111,51,33777.3,no,26,116350,2024-06-07,82572.7
1140,Customer_1140,customer1140@mail.com,storing,Barley,2024-06-21,2024-07-06,88,4400,15,59,2596.0,no,32,140800,2024-07-06,138204.0
931,Customer_931,customer931@mail.com,storing,Rice,2023-10-31,2023-11-10,14,350,10,40,186.67,partial,47,0,2023-11-10,-186.67
1257,Customer_1257,customer1257@mail.com,sold,Sorghum,2023-01-08,2023-06-07,95,2375,150,32,15200.0,yes,55,0,2023-06-07,-15200.0
1403,Customer_1403,customer1403@mail.com,stored,Wheat,2024-03-15,2024-07-29,178,8900,136,41,33084.27,partial,49,436100,2024-07-29,403015.73
1817,Customer_1817,customer1817@mail.com,storing,Wheat,2024-07-06,2024-09-19,146,3650,75,25,9125.0,yes,43,0,2024-09-19,-9125.0
1817,Customer_1817,customer1817@mail.com,stored,Wheat,2023-01-15,2023-05-05,31,1550,110,20,2273.33,yes,50,0,2023-05-05,-2273.33
179,Customer_179,customer179@mail.com,stored,Maize,2023-03-20,2023-04-10,77,1925,21,52,2802.8,yes,31,0,2023-04-10,-2802.8
1758,Customer_1758,customer1758@mail.com,storing,Barley,2023-02-07,2023-05-27,46,1150,109,21,3509.8,partial,39,0,2023-05-27,-3509.8
391,Customer_391,customer391@mail.com,sold,Millet,2024-03-29,2024-05-23,130,3250,55,49,11678.33,yes,45,146250,2024-05-23,134571.67
1823,Customer_1823,customer1823@mail.com,stored,Sorghum,2023-05-10,2023-06-30,192,9600,51,41,13382.4,no,45,0,2023-06-30,-13382.4
1164,Customer_1164,customer1164@mail.com,stored,Sorghum,2023-05-13,2023-08-10,158,7900,89,29,13593.27,yes,39,308100,2023-08-10,294506.73
302,Customer_302,customer302@mail.com,storing,Rice,2024-03-25,2024-04-06,94,4700,12,35,1316.0,partial,42,0,2024-04-06,-1316.0
366,Customer_366,customer366@mail.com,sold,Maize,2023-03-21,2023-06-17,76,1900,88,27,6019.2,yes,52,0,2023-06-17,-6019.2
191,Customer_191,customer191@mail.com,sold,Rice,2023-01-19,2023-05-20,27,1350,121,24,2613.6,yes,29,0,2023-05-20,-2613.6
687,Customer_687,customer687@mail.com,sold,Barley,2023-09-22,2024-01-30,62,3100,130,33,8866.0,no,36,0,2024-01-30,-8866.0
377,Customer_377,customer377@mail.com,storing,Barley,2023-02-11,2023-04-14,173,8650,62,20,7150.67,no,35,302750,2023-04-14,295599.33
441,Customer_441,customer441@mail.com,sold,Millet,2023-11-22,2024-01-08,175,8750,47,33,9047.5,no,27,236250,2024-01-08,227202.5
955,Customer_955,customer955@mail.com,storing,Rice,2023-05-09,2023-09-26,97,4850,140,22,9958.67,partial,37,179450,2023-09-26,169491.33
301,Customer_301,customer301@mail.com,stored,Sorghum,2023-02-14,2023-07-01,81,2025,137,57,21084.3,no,42,0,2023-07-01,-21084.3
1734,Customer_1734,customer1734@mail.com,sold,Wheat,2024-08-03,2024-10-21,193,9650,79,42,21345.8,yes,54,521100,2024-10-21,499754.2
234,Customer_234,customer234@mail.com,storing,Barley,2023-10-11,2023-11-29,79,1975,49,47,6064.57,yes,43,0,2023-11-29,-6064.57
743,Customer_743,customer743@mail.com,stored,Barley,2024-08-16,2024-12-03,173,8650,109,59,37085.43,partial,48,0,2024-12-03,-37085.43
155,Customer_155,customer155@mail.com,sold,Wheat,2023-09-23,2024-01-10,180,4500,109,22,14388.0,yes,48,0,2024-01-10,-14388.0
1181,Customer_1181,customer1181@mail.com,stored,Sorghum,2023-03-02,2023-03-31,49,2450,29,29,1373.63,yes,33,0,2023-03-31,-1373.63
558,Customer_558,customer558@mail.com,sold,Wheat,2024-04-11,2024-09-17,42,1050,159,29,6455.4,partial,49,0,2024-09-17,-6455.4
794,Customer_794,customer794@mail.com,storing,Sorghum,2023-03-02,2023-05-28,24,600,87,29,2018.4,no,47,0,2023-05-28,-2018.4
13,Customer_13,customer13@mail.com,sold,Wheat,2023-11-08,2023-12-06,127,3175,28,27,3200.4,yes,47,0,2023-12-06,-3200.4
1030,Customer_1030,customer1030@mail.com,sold,Rice,2024-01-30,2024-03-09,59,1475,39,58,4448.6,no,25,0,2024-03-09,-4448.6
1598,Customer_1598,customer1598@mail.com,stored,Barley,2023-09-24,2024-01-21,32,1600,119,22,2792.53,yes,55,88000,2024-01-21,85207.47
1329,Customer_1329,customer1329@mail.com,stored,Maize,2023-04-10,2023-08-12,134,6700,124,49,27139.47,no,27,0,2023-08-12,-27139.47
1310,Customer_1310,customer1310@mail.com,storing,Barley,2024-05-18,2024-07-31,160,8000,74,44,17365.33,no,53,0,2024-07-31,-17365.33
683,Customer_683,customer683@mail.com,sold,Sorghum,2024-08-07,2024-12-24,55,1375,139,37,9428.83,no,35,48125,2024-12-24,38696.17
1095,Customer_1095,customer1095@mail.com,stored,Maize,2023-10-07,2024-01-29,94,4700,114,34,12144.8,yes,38,0,2024-01-29,-12144.8
1856,Customer_1856,customer1856@mail.com,sold,Wheat,2024-02-02,2024-05-01,36,900,89,25,2670.0,no,28,25200,2024-05-01,22530.0
1757,Customer_1757,customer1757@mail.com,stored,Sorghum,2023-12-23,2024-02-19,176,4400,58,39,13270.4,partial,46,0,2024-02-19,-13270.4
303,Customer_303,customer303@mail.com,stored,Millet,2023-10-14,2024-02-18,47,2350,127,25,4974.17,no,34,0,2024-02-18,-4974.17
1667,Customer_1667,customer1667@mail.com,storing,Maize,2023-02-16,2023-07-07,50,2500,141,36,8460.0,yes,29,72500,2023-07-07,64040.0
1841,Customer_1841,customer1841@mail.com,storing,Wheat,2024-02-17,2024-07-09,119,5950,143,55,31197.83,no,39,232050,2024-07-09,200852.17
10,Customer_10,customer10@mail.com,sold,Maize,2024-03-16,2024-07-02,159,7950,108,20,11448.0,partial,45,357750,2024-07-02,346302.0
1751,Customer_1751,customer1751@mail.com,storing,Sorghum,2023-07-14,2023-09-05,48,1200,53,26,2204.8,partial,30,36000,2023-09-05,33795.2
398,Customer_398,customer398@mail.com,sold,Maize,2024-05-15,2024-07-06,59,1475,52,22,2249.87,yes,50,0,2024-07-06,-2249.87
103,Customer_103,customer103@mail.com,storing,Maize,2023-06-02,2023-09-30,199,9950,120,60,47760.0,no,46,0,2023-09-30,-47760.0
1236,Customer_1236,customer1236@mail.com,stored,Rice,2023-12-17,2024-06-06,151,7550,172,34,29434.93,partial,27,0,2024-06-06,-29434.93
453,Customer_453,customer453@mail.com,stored,Barley,2023-04-30,2023-07-20,167,8350,81,45,20290.5,partial,25,0,2023-07-20,-20290.5
1038,Customer_1038,customer1038@mail.com,stored,Wheat,2024-03-17,2024-08-31,155,7750,167,53,45730.17,no,42,325500,2024-08-31,279769.83
1051,Customer_1051,customer1051@mail.com,storing,Barley,2023-08-30,2024-01-02,92,4600,125,53,20316.67,no,50,0,2024-01-02,-20316.67
1636,Customer_1636,customer1636@mail.com,storing,Wheat,2023-10-12,2024-02-06,76,3800,117,47,13930.8,no,47,178600,2024-02-06,164669.2
1632,Customer_1632,customer1632@mail.com,storing,Wheat,2024-05-26,2024-08-21,33,825,87,58,5550.6,partial,38,0,2024-08-21,-5550.6
1878,Customer_1878,customer1878@mail.com,sold,Maize,2024-07-31,2024-09-17,39,1950,48,27,1684.8,yes,41,0,2024-09-17,-1684.8
1867,Customer_1867,customer1867@mail.com,sold,Barley,2023-05-13,2023-08-22,181,4525,101,40,24374.67,no,39,0,2023-08-22,-24374.67
1587,Customer_1587,customer1587@mail.com,stored,Maize,2023-09-07,2023-10-26,36,1800,49,55,3234.0,yes,32,0,2023-10-26,-3234.0
53,Customer_53,customer53@mail.com,sold,Maize,2024-03-21,2024-05-06,180,4500,46,47,12972.0,yes,31,0,2024-05-06,-12972.0
197,Customer_197,customer197@mail.com,stored,Rice,2024-05-06,2024-07-30,127,3175,85,33,11874.5,partial,38,0,2024-07-30,-11874.5
823,Customer_823,customer823@mail.com,stored,Millet,2023-09-21,2024-01-15,13,325,116,53,2664.13,partial,46,14950,2024-01-15,12285.87
1636,Customer_1636,customer1636@mail.com,stored,Sorghum,2023-02-03,2023-04-18,77,1925,74,24,4558.4,partial,51,98175,2023-04-18,93616.6
1076,Customer_1076,customer1076@mail.com,stored,Sorghum,2024-03-29,2024-08-04,58,2900,128,33,8166.4,partial,38,0,2024-08-04,-8166.4
84,Customer_84,customer84@mail.com,storing,Millet,2023-01-09,2023-03-02,148,3700,52,55,14109.33,partial,30,111000,2023-03-02,96890.67
1640,Customer_1640,customer1640@mail.com,storing,Millet,2024-07-12,2024-12-30,69,1725,171,29,11405.7,partial,41,0,2024-12-30,-11405.7
1905,Customer_1905,customer1905@mail.com,sold,Millet,2023-03-01,2023-05-17,73,1825,77,27,5058.9,partial,54,0,2023-05-17,-5058.9
131,Customer_131,customer131@mail.com,storing,Millet,2023-10-27,2024-02-10,44,2200,106,60,9328.0,yes,32,70400,2024-02-10,61072.0
1247,Customer_1247,customer1247@mail.com,sold,Rice,2023-07-08,2023-11-29,50,2500,144,41,9840.0,partial,30,75000,2023-11-29,65160.0
461,Customer_461,customer461@mail.com,sold,Sorghum,2023-05-10,2023-09-20,18,450,133,20,1596.0,yes,38,0,2023-09-20,-1596.0
1855,Customer_1855,customer1855@mail.com,sold,Wheat,2023-04-13,2023-05-28,180,9000,45,31,8370.0,yes,29,0,2023-05-28,-8370.0
1599,Customer_1599,customer1599@mail.com,stored,Rice,2024-03-02,2024-07-25,134,6700,145,21,13601.0,partial,25,0,2024-07-25,-13601.0
131,Customer_131,customer131@mail.com,stored,Sorghum,2023-06-24,2023-11-13,85,2125,142,43,17300.33,no,44,93500,2023-11-13,76199.67
1094,Customer_1094,customer1094@mail.com,storing,Maize,2023-02-10,2023-04-15,100,2500,64,46,9813.33,no,25,62500,2023-04-15,52686.67
1937,Customer_1937,customer1937@mail.com,stored,Maize,2023-10-09,2023-11-22,133,3325,44,49,9558.27,no,33,0,2023-11-22,-9558.27
618,Customer_618,customer618@mail.com,sold,Millet,2024-02-26,2024-08-06,194,9700,162,37,38761.2,partial,31,0,2024-08-06,-38761.2
1887,Customer_1887,customer1887@mail.com,stored,Maize,2023-02-14,2023-03-23,168,8400,37,29,6008.8,no,39,0,2023-03-23,-6008.8
164,Customer_164,customer164@mail.com,storing,Sorghum,2023-02-05,2023-06-20,107,5350,135,42,20223.0,yes,27,0,2023-06-20,-20223.0
1196,Customer_1196,customer1196@mail.com,sold,Rice,2023-09-10,2023-11-05,75,3750,56,42,5880.0,yes,43,161250,2023-11-05,155370.0
982,Customer_982,customer982@mail.com,sold,Rice,2024-03-21,2024-06-01,126,3150,72,59,17841.6,partial,45,0,2024-06-01,-17841.6
621,Customer_621,customer621@mail.com,storing,Millet,2023-12-05,2024-05-17,128,3200,164,40,27989.33,yes,41,0,2024-05-17,-27989.33
662,Customer_662,customer662@mail.com,stored,Barley,2023-08-11,2024-02-06,46,1150,179,32,8782.93,yes,49,0,2024-02-06,-8782.93
1694,Customer_1694,customer1694@mail.com,storing,Rice,2024-06-11,2024-08-07,183,9150,57,42,14603.4,yes,39,356850,2024-08-07,342246.6
1574,Customer_1574,customer1574@mail.com,storing,Barley,2023-02-19,2023-08-07,99,2475,169,31,17288.7,no,39,0,2023-08-07,-17288.7
1724,Customer_1724,customer1724@mail.com,stored,Wheat,2023-03-14,2023-04-01,192,9600,18,57,6566.4,yes,27,259200,2023-04-01,252633.6
985,Customer_985,customer985@mail.com,sold,Rice,2023-07-26,2023-10-15,130,3250,81,60,21060.0,partial,41,133250,2023-10-15,112190.0
264,Customer_264,customer264@mail.com,stored,Sorghum,2023-06-02,2023-08-12,163,8150,71,30,11573.0,no,46,374900,2023-08-12,363327.0
1526,Customer_1526,customer1526@mail.com,stored,Maize,2024-01-01,2024-03-16,116,2900,75,45,13050.0,partial,47,136300,2024-03-16,123250.0
502,Customer_502,customer502@mail.com,storing,Maize,2023-08-01,2023-12-14,17,850,135,56,4284.0,no,43,36550,2023-12-14,32266.0
1816,Customer_1816,customer1816@mail.com,storing,Barley,2024-06-18,2024-07-13,122,3050,25,27,2745.0,yes,34,103700,2024-07-13,100955.0
34,Customer_34,customer34@mail.com,storing,Millet,2023-07-13,2023-12-18,108,2700,158,42,23889.6,no,41,0,2023-12-18,-23889.6
302,Customer_302,customer302@mail.com,sold,Millet,2023-11-22,2024-01-11,158,7900,50,59,15536.67,no,42,331800,2024-01-11,316263.33
1925,Customer_1925,customer1925@mail.com,sold,Barley,2023-09-17,2023-10-08,190,9500,21,36,4788.0,yes,39,0,2023-10-08,-4788.0
1496,Customer_1496,customer1496@mail.com,sold,Wheat,2023-05-01,2023-06-27,175,4375,57,35,11637.5,yes,54,236250,2023-06-27,224612.5
1842,Customer_1842,customer1842@mail.com,stored,Rice,2024-01-10,2024-05-26,114,2850,137,32,16659.2,partial,44,125400,2024-05-26,108740.8
1904,Customer_1904,customer1904@mail.com,sold,Maize,2023-03-05,2023-03-19,193,4825,14,37,3332.47,yes,42,202650,2023-03-19,199317.53
1956,Customer_1956,customer1956@mail.com,sold,Wheat,2023-07-02,2023-12-12,135,3375,163,29,21271.5,no,29,0,2023-12-12,-21271.5
1090,Customer_1090,customer1090@mail.com,sold,Millet,2024-07-20,2025-01-09,135,3375,173,30,23355.0,no,38,0,2025-01-09,-23355.0
1382,Customer_1382,customer1382@mail.com,sold,Wheat,2024-05-21,2024-09-29,141,7050,131,35,21549.5,no,46,324300,2024-09-29,302750.5
1646,Customer_1646,customer1646@mail.com,sold,Wheat,2023-02-14,2023-04-23,123,3075,68,53,14776.4,partial,48,0,2023-04-23,-14776.4
1863,Customer_1863,customer1863@mail.com,stored,Wheat,2023-09-07,2024-02-22,197,4925,168,54,59572.8,no,36,177300,2024-02-22,117727.2
1495,Customer_1495,customer1495@mail.com,storing,Maize,2024-07-15,2024-11-06,54,1350,114,48,9849.6,no,50,0,2024-11-06,-9849.6
1352,Customer_1352,customer1352@mail.com,sold,Rice,2023-01-03,2023-03-17,200,5000,73,44,21413.33,partial,26,0,2023-03-17,-21413.33
382,Customer_382,customer382@mail.com,sold,Rice,2024-04-02,2024-05-10,172,8600,38,54,11764.8,yes,49,0,2024-05-10,-11764.8
1291,Customer_1291,customer1291@mail.com,stored,Rice,2023-11-08,2023-12-07,61,3050,29,34,2004.87,partial,40,122000,2023-12-07,119995.13
604,Customer_604,customer604@mail.com,sold,Maize,2023-03-15,2023-08-22,193,9650,160,49,50437.33,partial,37,0,2023-08-22,-50437.33
806,Customer_806,customer806@mail.com,storing,Wheat,2023-01-28,2023-05-10,117,5850,102,27,10740.6,partial,27,157950,2023-05-10,147209.4
760,Customer_760,customer760@mail.com,stored,Maize,2024-06-18,2024-07-15,156,7800,27,24,3369.6,yes,48,374400,2024-07-15,371030.4
1083,Customer_1083,customer1083@mail.com,sold,Millet,2023-02-22,2023-07-03,115,5750,131,20,10043.33,partial,46,264500,2023-07-03,254456.67
288,Customer_288,customer288@mail.com,storing,Millet,2024-05-19,2024-06-13,91,2275,25,54,4095.0,partial,38,0,2024-06-13,-4095.0
1501,Customer_1501,customer1501@mail.com,sold,Maize,2023-08-15,2023-10-29,124,3100,75,24,7440.0,yes,39,120900,2023-10-29,113460.0
1621,Customer_1621,customer1621@mail.com,sold,Rice,2023-06-25,2023-09-28,50,2500,95,53,8391.67,yes,46,0,2023-09-28,-8391.67
225,Customer_225,customer225@mail.com,storing,Sorghum,2023-07-14,2023-08-03,85,2125,20,51,2890.0,yes,28,0,2023-08-03,-2890.0
302,Customer_302,customer302@mail.com,stored,Wheat,2023-12-20,2024-01-15,94,4700,26,60,4888.0,no,27,126900,2024-01-15,122012.0
114,Customer_114,customer114@mail.com,storing,Rice,2023-11-09,2023-12-02,30,1500,23,58,1334.0,partial,46,0,2023-12-02,-1334.0
287,Customer_287,customer287@mail.com,sold,Sorghum,2023-03-20,2023-06-30,129,3225,102,46,20175.6,yes,31,99975,2023-06-30,79799.4
1160,Customer_1160,customer1160@mail.com,storing,Millet,2023-12-10,2024-03-16,194,4850,97,46,28854.27,partial,29,140650,2024-03-16,111795.73
1269,Customer_1269,customer1269@mail.com,stored,Maize,2023-05-23,2023-09-17,158,7900,117,52,32042.4,partial,36,284400,2023-09-17,252357.6
1978,Customer_1978,customer1978@mail.com,storing,Sorghum,2023-01-24,2023-03-03,168,4200,38,37,7873.6,no,35,147000,2023-03-03,139126.4
1849,Customer_1849,customer1849@mail.com,sold,Millet,2023-01-05,2023-04-15,137,6850,100,43,19636.67,no,41,280850,2023-04-15,261213.33
304,Customer_304,customer304@mail.com,sold,Maize,2023-11-02,2023-12-22,156,3900,50,46,11960.0,no,29,0,2023-12-22,-11960.0
1699,Customer_1699,customer1699@mail.com,sold,Rice,2023-04-29,2023-10-19,85,4250,173,46,22547.67,partial,47,0,2023-10-19,-22547.67
954,Customer_954,customer954@mail.com,stored,Wheat,2024-01-11,2024-06-20,86,2150,161,56,25845.87,no,26,55900,2024-06-20,30054.13
337,Customer_337,customer337@mail.com,stored,Rice,2024-06-16,2024-08-21,169,4225,66,27,10038.6,yes,27,0,2024-08-21,-10038.6
463,Customer_463,customer463@mail.com,storing,Wheat,2023-06-25,2023-10-14,62,1550,111,25,5735.0,no,50,77500,2023-10-14,71765.0
769,Customer_769,customer769@mail.com,sold,Barley,2023-03-29,2023-07-19,38,950,112,44,6242.13,no,29,0,2023-07-19,-6242.13
1955,Customer_1955,customer1955@mail.com,storing,Rice,2023-06-01,2023-08-30,183,4575,90,23,12627.0,yes,39,0,2023-08-30,-12627.0
1011,Customer_1011,customer1011@mail.com,sold,Maize,2023-09-18,2023-12-01,129,6450,74,51,16228.2,partial,47,303150,2023-12-01,286921.8
685,Customer_685,customer685@mail.com,sold,Maize,2023-09-12,2023-10-11,28,1400,29,43,1163.87,partial,30,42000,2023-10-11,40836.13
546,Customer_546,customer546@mail.com,sold,Wheat,2023-04-10,2023-05-29,132,6600,49,20,4312.0,yes,44,290400,2023-05-29,286088.0
574,Customer_574,customer574@mail.com,sold,Wheat,2023-02-23,2023-03-25,190,9500,30,22,4180.0,yes,47,446500,2023-03-25,442320.0
941,Customer_941,customer941@mail.com,sold,Rice,2024-03-21,2024-06-30,57,1425,101,35,6716.5,yes,52,0,2024-06-30,-6716.5
1980,Customer_1980,customer1980@mail.com,stored,Rice,2023-05-08,2023-10-13,23,1150,158,28,3391.73,no,34,39100,2023-10-13,35708.27
338,Customer_338,customer338@mail.com,stored,Maize,2023-11-01,2024-04-17,137,3425,168,60,46032.0,partial,53,0,2024-04-17,-46032.0
1861,Customer_1861,customer1861@mail.com,sold,Maize,2023-04-06,2023-06-13,17,850,68,23,886.27,yes,30,25500,2023-06-13,24613.73
1461,Customer_1461,customer1461@mail.com,storing,Sorghum,2023-06-24,2023-08-09,63,3150,46,51,4926.6,partial,45,141750,2023-08-09,136823.4
17,Customer_17,customer17@mail.com,stored,Rice,2024-02-21,2024-07-12,14,350,142,45,2982.0,yes,43,0,2024-07-12,-2982.0
1724,Customer_1724,customer1724@mail.com,sold,Maize,2024-02-12,2024-06-25,125,6250,134,50,27916.67,partial,31,0,2024-06-25,-27916.67
638,Customer_638,customer638@mail.com,stored,Sorghum,2023-11-13,2023-12-21,145,7250,38,50,9183.33,no,30,0,2023-12-21,-9183.33
1411,Customer_1411,customer1411@mail.com,storing,Wheat,2023-10-26,2024-04-14,16,400,171,25,2280.0,no,34,13600,2024-04-14,11320.0
1652,Customer_1652,customer1652@mail.com,storing,Sorghum,2024-08-06,2025-01-18,80,4000,165,26,11440.0,partial,36,0,2025-01-18,-11440.0
1176,Customer_1176,customer1176@mail.com,storing,Sorghum,2023-01-14,2023-01-28,200,10000,14,57,5320.0,partial,28,280000,2023-01-28,274680.0
1864,Customer_1864,customer1864@mail.com,stored,Wheat,2023-04-19,2023-10-06,159,3975,170,23,20723.0,no,43,170925,2023-10-06,150202.0
162,Customer_162,customer162@mail.com,storing,Maize,2023-02-10,2023-07-07,44,1100,147,35,7546.0,yes,49,53900,2023-07-07,46354.0
1906,Customer_1906,customer1906@mail.com,storing,Rice,2023-11-13,2024-05-09,121,3025,178,24,17230.4,partial,36,0,2024-05-09,-17230.4
1621,Customer_1621,customer1621@mail.com,storing,Rice,2024-06-14,2024-07-19,103,2575,35,35,4205.83,no,46,118450,2024-07-19,114244.17
1130,Customer_1130,customer1130@mail.com,stored,Barley,2023-07-14,2023-09-26,80,2000,74,22,4341.33,yes,29,58000,2023-09-26,53658.67
1378,Customer_1378,customer1378@mail.com,storing,Barley,2024-06-27,2024-10-22,198,4950,117,23,17760.6,partial,41,0,2024-10-22,-17760.6
1347,Customer_1347,customer1347@mail.com,sold,Maize,2023-03-04,2023-04-10,158,3950,37,44,8574.13,yes,39,154050,2023-04-10,145475.87
1630,Customer_1630,customer1630@mail.com,storing,Maize,2023-05-22,2023-11-02,94,2350,164,22,11305.07,partial,27,63450,2023-11-02,52144.93
769,Customer_769,customer769@mail.com,storing,Maize,2023-04-12,2023-10-06,68,1700,177,51,20461.2,no,43,0,2023-10-06,-20461.2
529,Customer_529,customer529@mail.com,storing,Millet,2023-10-25,2024-03-29,40,2000,156,31,6448.0,partial,53,106000,2024-03-29,99552.0
382,Customer_382,customer382@mail.com,storing,Millet,2024-06-25,2024-11-28,148,7400,156,56,43097.6,no,43,0,2024-11-28,-43097.6
521,Customer_521,customer521@mail.com,storing,Millet,2024-06-25,2024-11-26,39,975,154,41,8208.2,yes,47,0,2024-11-26,-8208.2
1355,Customer_1355,customer1355@mail.com,storing,Barley,2023-01-04,2023-06-21,47,1175,168,27,7106.4,yes,42,49350,2023-06-21,42243.6
913,Customer_913,customer913@mail.com,storing,Maize,2024-05-31,2024-10-27,197,4925,149,53,51856.97,yes,36,177300,2024-10-27,125443.03
1838,Customer_1838,customer1838@mail.com,storing,Maize,2024-03-20,2024-06-15,200,5000,87,45,26100.0,yes,27,135000,2024-06-15,108900.0
603,Customer_603,customer603@mail.com,sold,Rice,2023-07-19,2023-12-10,31,1550,144,41,6100.8,no,48,74400,2023-12-10,68299.2
1898,Customer_1898,customer1898@mail.com,storing,Millet,2024-06-09,2024-08-06,179,4475,58,27,9343.8,yes,42,0,2024-08-06,-9343.8
702,Customer_702,customer702@mail.com,stored,Sorghum,2024-02-24,2024-08-18,161,4025,176,44,41559.47,yes,33,0,2024-08-18,-41559.47
919,Customer_919,customer919@mail.com,storing,Sorghum,2023-01-20,2023-02-01,111,2775,12,42,1864.8,yes,44,0,2023-02-01,-1864.8
1909,Customer_1909,customer1909@mail.com,stored,Rice,2023-12-21,2024-03-05,30,1500,75,49,3675.0,no,47,0,2024-03-05,-3675.0
452,Customer_452,customer452@mail.com,storing,Rice,2024-04-27,2024-09-09,128,6400,135,60,34560.0,no,39,249600,2024-09-09,215040.0
1554,Customer_1554,customer1554@mail.com,stored,Rice,2023-03-14,2023-05-24,149,7450,71,52,18336.93,partial,46,342700,2023-05-24,324363.07
202,Customer_202,customer202@mail.com,stored,Wheat,2024-05-19,2024-10-28,178,4450,162,30,28836.0,no,54,240300,2024-10-28,211464.0
1767,Customer_1767,customer1767@mail.com,sold,Maize,2023-02-06,2023-04-22,180,9000,75,37,16650.0,no,45,0,2023-04-22,-16650.0
512,Customer_512,customer512@mail.com,storing,Barley,2023-07-29,2023-10-04,177,4425,67,40,15812.0,yes,33,146025,2023-10-04,130213.0
162,Customer_162,customer162@mail.com,stored,Barley,2023-07-24,2024-01-14,179,8950,174,31,32184.2,yes,51,456450,2024-01-14,424265.8
1263,Customer_1263,customer1263@mail.com,stored,Sorghum,2024-05-25,2024-10-03,141,3525,131,46,28322.2,yes,32,0,2024-10-03,-28322.2
1163,Customer_1163,customer1163@mail.com,storing,Millet,2023-11-04,2023-11-23,10,500,19,35,221.67,yes,26,0,2023-11-23,-221.67
1232,Customer_1232,customer1232@mail.com,stored,Maize,2024-04-21,2024-05-03,131,6550,12,56,2934.4,no,45,0,2024-05-03,-2934.4
1975,Customer_1975,customer1975@mail.com,storing,Millet,2024-06-18,2024-11-02,164,4100,137,33,24714.8,yes,54,0,2024-11-02,-24714.8
1129,Customer_1129,customer1129@mail.com,stored,Millet,2024-02-28,2024-07-29,151,7550,152,27,20656.8,yes,39,294450,2024-07-29,273793.2
1164,Customer_1164,customer1164@mail.com,sold,Wheat,2024-07-07,2024-09-26,139,6950,81,50,18765.0,yes,53,0,2024-09-26,-18765.0
1628,Customer_1628,customer1628@mail.com,storing,Sorghum,2023-10-12,2024-03-12,30,1500,152,36,5472.0,no,44,0,2024-03-12,-5472.0
1230,Customer_1230,customer1230@mail.com,sold,Maize,2023-10-17,2023-12-19,121,6050,63,27,6860.7,yes,25,0,2023-12-19,-6860.7
644,Customer_644,customer644@mail.com,sold,Wheat,2023-08-18,2023-12-02,34,850,106,34,4084.53,partial,48,0,2023-12-02,-4084.53
1671,Customer_1671,customer1671@mail.com,stored,Millet,2024-07-29,2024-09-05,165,4125,38,35,7315.0,partial,27,0,2024-09-05,-7315.0
834,Customer_834,customer834@mail.com,storing,Millet,2024-01-23,2024-02-03,82,2050,11,28,841.87,yes,40,0,2024-02-03,-841.87
902,Customer_902,customer902@mail.com,storing,Millet,2023-06-11,2023-08-14,170,8500,64,33,11968.0,no,47,0,2023-08-14,-11968.0
1966,Customer_1966,customer1966@mail.com,storing,Sorghum,2023-10-28,2024-01-29,65,3250,93,60,12090.0,yes,47,0,2024-01-29,-12090.0
941,Customer_941,customer941@mail.com,stored,Barley,2024-05-31,2024-10-28,61,3050,150,28,8540.0,yes,48,146400,2024-10-28,137860.0
615,Customer_615,customer615@mail.com,storing,Wheat,2024-01-01,2024-05-08,117,2925,128,28,13977.6,no,45,0,2024-05-08,-13977.6
468,Customer_468,customer468@mail.com,sold,Barley,2023-03-27,2023-07-21,103,5150,116,55,21904.67,partial,47,242050,2023-07-21,220145.33
498,Customer_498,customer498@mail.com,stored,Maize,2024-07-12,2024-11-02,41,1025,113,20,3088.67,yes,26,26650,2024-11-02,23561.33
1243,Customer_1243,customer1243@mail.com,storing,Sorghum,2024-06-15,2024-08-01,86,2150,47,23,3098.87,yes,27,0,2024-08-01,-3098.87
335,Customer_335,customer335@mail.com,storing,Sorghum,2024-02-06,2024-05-06,144,7200,90,30,12960.0,yes,52,374400,2024-05-06,361440.0
899,Customer_899,customer899@mail.com,storing,Wheat,2024-08-21,2024-12-29,140,3500,130,41,24873.33,no,43,0,2024-12-29,-24873.33
850,Customer_850,customer850@mail.com,stored,Sorghum,2023-04-21,2023-05-07,90,2250,16,38,1824.0,no,30,67500,2023-05-07,65676.0
280,Customer_280,customer280@mail.com,stored,Rice,2023-01-14,2023-05-02,191,9550,108,54,37130.4,yes,55,0,2023-05-02,-37130.4
673,Customer_673,customer673@mail.com,stored,Millet,2023-09-26,2023-11-03,33,1650,38,47,1964.6,partial,43,0,2023-11-03,-1964.6
317,Customer_317,customer317@mail.com,stored,Millet,2024-08-18,2024-09-19,90,4500,32,23,2208.0,no,40,180000,2024-09-19,177792.0
578,Customer_578,customer578@mail.com,sold,Barley,2024-04-10,2024-06-29,22,1100,80,30,1760.0,partial,28,0,2024-06-29,-1760.0
934,Customer_934,customer934@mail.com,stored,Barley,2023-12-12,2023-12-23,115,2875,11,39,1644.5,partial,50,0,2023-12-23,-1644.5
466,Customer_466,customer466@mail.com,stored,Sorghum,2023-05-17,2023-07-23,113,5650,67,41,10347.03,yes,34,192100,2023-07-23,181752.97
1286,Customer_1286,customer1286@mail.com,sold,Barley,2023-10-09,2024-01-11,80,2000,94,23,5765.33,yes,55,110000,2024-01-11,104234.67
1228,Customer_1228,customer1228@mail.com,sold,Maize,2024-01-25,2024-06-27,176,8800,154,29,26200.53,yes,53,0,2024-06-27,-26200.53
573,Customer_573,customer573@mail.com,storing,Millet,2023-08-23,2024-01-24,113,5650,154,34,19722.27,partial,37,0,2024-01-24,-19722.27
1952,Customer_1952,customer1952@mail.com,storing,Sorghum,2023-08-16,2023-11-19,177,8850,95,57,31948.5,no,54,0,2023-11-19,-31948.5
173,Customer_173,customer173@mail.com,storing,Millet,2023-12-30,2024-06-11,107,5350,164,52,30416.53,yes,55,0,2024-06-11,-30416.53
1275,Customer_1275,customer1275@mail.com,storing,Rice,2024-01-21,2024-05-29,110,2750,129,40,18920.0,no,49,134750,2024-05-29,115830.0
1650,Customer_1650,customer1650@mail.com,stored,Barley,2023-05-10,2023-10-09,179,8950,152,29,26301.07,partial,40,0,2023-10-09,-26301.07
770,Customer_770,customer770@mail.com,sold,Barley,2024-04-24,2024-07-09,192,4800,76,45,21888.0,partial,49,235200,2024-07-09,213312.0
1825,Customer_1825,customer1825@mail.com,stored,Wheat,2024-03-02,2024-06-17,37,1850,107,41,5410.63,no,52,96200,2024-06-17,90789.37
1948,Customer_1948,customer1948@mail.com,sold,Wheat,2023-05-02,2023-05-31,91,4550,29,47,4134.43,partial,43,195650,2023-05-31,191515.57
1429,Customer_1429,customer1429@mail.com,stored,Barley,2023-08-12,2023-12-17,117,2925,127,27,13373.1,partial,48,140400,2023-12-17,127026.9
1628,Customer_1628,customer1628@mail.com,storing,Millet,2023-12-20,2024-02-14,115,5750,56,26,5581.33,partial,25,143750,2024-02-14,138168.67
1826,Customer_1826,customer1826@mail.com,storing,Wheat,2024-01-15,2024-04-24,82,4100,100,44,12026.67,partial,50,205000,2024-04-24,192973.33
80,Customer_80,customer80@mail.com,sold,Millet,2023-09-08,2023-09-30,149,3725,22,25,2731.67,no,33,122925,2023-09-30,120193.33
676,Customer_676,customer676@mail.com,stored,Rice,2023-04-27,2023-06-29,126,6300,63,58,15346.8,no,30,0,2023-06-29,-15346.8
156,Customer_156,customer156@mail.com,storing,Maize,2024-06-24,2024-10-11,84,4200,109,44,13428.8,yes,47,0,2024-10-11,-13428.8
1733,Customer_1733,customer1733@mail.com,storing,Barley,2023-02-03,2023-05-03,176,4400,89,27,14097.6,no,51,224400,2023-05-03,210302.4
1867,Customer_1867,customer1867@mail.com,stored,Barley,2024-03-18,2024-07-14,78,1950,118,52,15953.6,yes,51,0,2024-07-14,-15953.6
157,Customer_157,customer157@mail.com,stored,Rice,2023-05-27,2023-07-30,90,4500,64,46,8832.0,no,28,0,2023-07-30,-8832.0
608,Customer_608,customer608@mail.com,storing,Barley,2023-03-14,2023-05-22,69,3450,69,22,3491.4,no,29,100050,2023-05-22,96558.6
611,Customer_611,customer611@mail.com,storing,Barley,2024-04-14,2024-08-20,99,4950,128,53,22387.2,yes,25,123750,2024-08-20,101362.8
1114,Customer_1114,customer1114@mail.com,stored,Barley,2023-11-28,2024-02-13,159,7950,77,30,12243.0,yes,44,349800,2024-02-13,337557.0
875,Customer_875,customer875@mail.com,storing,Rice,2023-11-27,2024-01-31,10,500,65,59,1278.33,partial,25,0,2024-01-31,-1278.33
327,Customer_327,customer327@mail.com,storing,Millet,2023-10-20,2023-11-09,151,3775,20,40,4026.67,partial,49,0,2023-11-09,-4026.67
375,Customer_375,customer375@mail.com,storing,Maize,2023-09-11,2024-01-15,181,4525,126,38,28887.6,no,44,0,2024-01-15,-28887.6
1349,Customer_1349,customer1349@mail.com,sold,Maize,2024-08-11,2024-12-03,162,4050,114,31,19083.6,yes,52,0,2024-12-03,-19083.6
1437,Customer_1437,customer1437@mail.com,storing,Wheat,2024-03-19,2024-08-14,173,4325,148,33,28164.4,partial,48,0,2024-08-14,-28164.4
1274,Customer_1274,customer1274@mail.com,storing,Barley,2023-03-04,2023-03-30,90,2250,26,30,2340.0,partial,27,0,2023-03-30,-2340.0
600,Customer_600,customer600@mail.com,stored,Wheat,2024-01-01,2024-05-18,134,6700,138,24,14793.6,partial,48,321600,2024-05-18,306806.4
1758,Customer_1758,customer1758@mail.com,sold,Maize,2024-04-28,2024-07-10,114,5700,73,57,15811.8,partial,47,267900,2024-07-10,252088.2
1257,Customer_1257,customer1257@mail.com,storing,Millet,2023-09-26,2023-12-06,77,3850,71,53,9658.37,yes,30,115500,2023-12-06,105841.63
473,Customer_473,customer473@mail.com,stored,Millet,2023-06-04,2023-10-18,162,8100,136,37,27172.8,yes,55,445500,2023-10-18,418327.2
1494,Customer_1494,customer1494@mail.com,stored,Sorghum,2023-11-11,2023-11-26,34,850,15,51,867.0,yes,48,40800,2023-11-26,39933.0
525,Customer_525,customer525@mail.com,stored,Sorghum,2024-02-16,2024-06-26,34,850,131,30,4454.0,yes,46,0,2024-06-26,-4454.0
1088,Customer_1088,customer1088@mail.com,stored,Barley,2023-07-25,2023-09-27,13,650,64,42,1164.8,yes,36,0,2023-09-27,-1164.8
387,Customer_387,customer387@mail.com,stored,Rice,2024-05-11,2024-07-14,197,9850,64,21,8825.6,no,35,0,2024-07-14,-8825.6
1643,Customer_1643,customer1643@mail.com,sold,Sorghum,2024-07-27,2024-10-26,112,2800,91,28,9512.53,partial,55,0,2024-10-26,-9512.53
1823,Customer_1823,customer1823@mail.com,sold,Millet,2023-07-07,2023-10-07,139,3475,92,55,23444.67,no,25,0,2023-10-07,-23444.67
1185,Customer_1185,customer1185@mail.com,stored,Sorghum,2023-05-20,2023-08-07,163,4075,79,30,12877.0,no,47,191525,2023-08-07,178648.0
1130,Customer_1130,customer1130@mail.com,storing,Sorghum,2023-06-19,2023-08-03,145,7250,45,38,8265.0,no,54,391500,2023-08-03,383235.0
358,Customer_358,customer358@mail.com,storing,Rice,2024-07-31,2024-08-23,61,3050,23,28,1309.47,yes,46,0,2024-08-23,-1309.47
737,Customer_737,customer737@mail.com,stored,Rice,2024-06-18,2024-07-14,64,1600,26,56,3106.13,partial,38,60800,2024-07-14,57693.87
1685,Customer_1685,customer1685@mail.com,stored,Barley,2023-02-08,2023-06-15,166,8300,127,55,38650.33,no,48,398400,2023-06-15,359749.67
1475,Customer_1475,customer1475@mail.com,storing,Rice,2023-03-31,2023-04-25,191,9550,25,21,3342.5,yes,42,401100,2023-04-25,397757.5
602,Customer_602,customer602@mail.com,storing,Rice,2024-06-13,2024-07-27,125,6250,44,29,5316.67,no,44,0,2024-07-27,-5316.67
1054,Customer_1054,customer1054@mail.com,storing,Rice,2024-04-29,2024-08-02,105,5250,95,32,10640.0,partial,30,157500,2024-08-02,146860.0
1795,Customer_1795,customer1795@mail.com,stored,Wheat,2023-07-18,2023-08-04,101,5050,17,26,1488.07,partial,39,196950,2023-08-04,195461.93
10,Customer_10,customer10@mail.com,stored,Millet,2024-07-24,2024-10-18,132,6600,86,46,17406.4,partial,35,231000,2024-10-18,213593.6
635,Customer_635,customer635@mail.com,stored,Millet,2024-08-11,2024-11-04,12,300,85,21,714.0,yes,28,8400,2024-11-04,7686.0
1501,Customer_1501,customer1501@mail.com,sold,Maize,2024-03-31,2024-07-21,21,525,112,37,2900.8,yes,31,0,2024-07-21,-2900.8
1122,Customer_1122,customer1122@mail.com,stored,Sorghum,2023-08-12,2023-10-27,104,5200,76,50,13173.33,partial,38,197600,2023-10-27,184426.67
1042,Customer_1042,customer1042@mail.com,storing,Wheat,2024-02-26,2024-03-09,97,2425,12,53,2056.4,no,53,0,2024-03-09,-2056.4
1191,Customer_1191,customer1191@mail.com,sold,Barley,2024-04-29,2024-09-25,149,7450,149,57,42181.9,partial,28,0,2024-09-25,-42181.9
1405,Customer_1405,customer1405@mail.com,stored,Millet,2023-01-27,2023-04-03,94,2350,66,53,10960.4,yes,35,82250,2023-04-03,71289.6
182,Customer_182,customer182@mail.com,sold,Sorghum,2023-03-10,2023-03-22,191,4775,12,28,2139.2,yes,54,0,2023-03-22,-2139.2
1417,Customer_1417,customer1417@mail.com,sold,Barley,2024-06-05,2024-06-21,44,2200,16,22,516.27,no,40,88000,2024-06-21,87483.73
1411,Customer_1411,customer1411@mail.com,sold,Wheat,2023-10-15,2024-01-05,17,850,82,22,1022.27,yes,34,0,2024-01-05,-1022.27
97,Customer_97,customer97@mail.com,sold,Wheat,2024-03-04,2024-06-21,73,3650,109,32,8487.47,yes,52,189800,2024-06-21,181312.53
1030,Customer_1030,customer1030@mail.com,sold,Sorghum,2023-04-08,2023-10-02,33,825,177,60,11682.0,partial,52,42900,2023-10-02,31218.0
976,Customer_976,customer976@mail.com,sold,Millet,2023-04-25,2023-08-16,19,950,113,41,2934.23,no,35,33250,2023-08-16,30315.77
194,Customer_194,customer194@mail.com,stored,Sorghum,2023-03-17,2023-07-29,147,7350,134,31,20354.6,yes,40,294000,2023-07-29,273645.4
246,Customer_246,customer246@mail.com,storing,Rice,2023-07-02,2023-10-02,183,9150,92,24,13468.8,yes,25,228750,2023-10-02,215281.2
324,Customer_324,customer324@mail.com,sold,Millet,2023-11-23,2024-05-07,90,4500,166,51,25398.0,partial,34,153000,2024-05-07,127602.0
1083,Customer_1083,customer1083@mail.com,sold,Rice,2023-12-20,2024-03-27,89,4450,98,23,6686.87,yes,54,240300,2024-03-27,233613.13
1853,Customer_1853,customer1853@mail.com,sold,Maize,2023-12-19,2024-05-07,170,8500,140,45,35700.0,yes,50,0,2024-05-07,-35700.0
19,Customer_19,customer19@mail.com,stored,Sorghum,2023-07-23,2023-09-14,13,650,53,43,987.57,no,25,0,2023-09-14,-987.57
650,Customer_650,customer650@mail.com,storing,Barley,2023-03-04,2023-03-17,24,600,13,30,312.0,partial,26,15600,2023-03-17,15288.0
1670,Customer_1670,customer1670@mail.com,stored,Barley,2024-01-12,2024-03-12,190,4750,60,34,12920.0,partial,35,166250,2024-03-12,153330.0
987,Customer_987,customer987@mail.com,stored,Barley,2024-06-09,2024-07-03,147,3675,24,48,5644.8,yes,36,132300,2024-07-03,126655.2
1789,Customer_1789,customer1789@mail.com,stored,Wheat,2023-06-03,2023-08-24,124,6200,82,31,10506.93,no,42,0,2023-08-24,-10506.93
1997,Customer_1997,customer1997@mail.com,storing,Rice,2023-10-12,2024-03-02,175,4375,142,46,38103.33,no,38,166250,2024-03-02,128146.67
1919,Customer_1919,customer1919@mail.com,sold,Rice,2023-04-05,2023-09-13,164,8200,161,50,44006.67,yes,41,0,2023-09-13,-44006.67
1392,Customer_1392,customer1392@mail.com,storing,Sorghum,2024-01-24,2024-07-18,151,3775,176,30,26576.0,yes,50,188750,2024-07-18,162174.0
231,Customer_231,customer231@mail.com,stored,Millet,2024-01-22,2024-03-05,133,3325,43,52,9912.93,yes,33,0,2024-03-05,-9912.93
1461,Customer_1461,customer1461@mail.com,stored,Maize,2024-08-07,2024-08-17,137,3425,10,43,1963.67,partial,35,119875,2024-08-17,117911.33
439,Customer_439,customer439@mail.com,storing,Wheat,2023-06-25,2023-10-24,68,1700,121,36,9873.6,partial,27,0,2023-10-24,-9873.6
441,Customer_441,customer441@mail.com,stored,Maize,2023-11-26,2023-12-15,178,8900,19,53,5974.87,yes,43,382700,2023-12-15,376725.13
712,Customer_712,customer712@mail.com,stored,Sorghum,2023-03-10,2023-06-14,17,850,96,59,3209.6,yes,25,21250,2023-06-14,18040.4
1906,Customer_1906,customer1906@mail.com,storing,Millet,2024-01-21,2024-02-18,96,4800,28,46,4121.6,yes,36,0,2024-02-18,-4121.6
202,Customer_202,customer202@mail.com,stored,Millet,2024-01-13,2024-05-23,72,1800,131,52,16348.8,yes,27,48600,2024-05-23,32251.2
10,Customer_10,customer10@mail.com,storing,Barley,2024-02-02,2024-06-14,139,3475,133,26,16022.07,partial,25,86875,2024-06-14,70852.93
715,Customer_715,customer715@mail.com,sold,Barley,2024-08-18,2024-11-16,180,4500,90,39,21060.0,yes,25,112500,2024-11-16,91440.0
649,Customer_649,customer649@mail.com,storing,Maize,2023-07-25,2023-12-29,13,325,157,34,2313.13,no,27,0,2023-12-29,-2313.13
1848,Customer_1848,customer1848@mail.com,sold,Rice,2023-09-28,2024-01-21,47,2350,115,27,4864.5,yes,27,63450,2024-01-21,58585.5
1850,Customer_1850,customer1850@mail.com,stored,Barley,2023-10-08,2024-02-23,152,7600,138,54,37756.8,no,40,304000,2024-02-23,266243.2
546,Customer_546,customer546@mail.com,storing,Sorghum,2024-08-09,2024-09-06,141,7050,28,60,7896.0,no,47,0,2024-09-06,-7896.0
1835,Customer_1835,customer1835@mail.com,stored,Maize,2024-05-07,2024-05-31,76,1900,24,31,1884.8,yes,41,0,2024-05-31,-1884.8
426,Customer_426,customer426@mail.com,sold,Millet,2024-02-23,2024-03-11,137,6850,17,45,3493.5,partial,43,0,2024-03-11,-3493.5
523,Customer_523,customer523@mail.com,sold,Barley,2023-01-22,2023-05-24,69,1725,122,25,7015.0,yes,34,58650,2023-05-24,51635.0
1673,Customer_1673,customer1673@mail.com,sold,Rice,2023-01-30,2023-06-14,67,1675,135,57,17185.5,no,36,60300,2023-06-14,43114.5
945,Customer_945,customer945@mail.com,storing,Rice,2023-02-08,2023-05-15,74,1850,96,30,7104.0,yes,54,99900,2023-05-15,92796.0
1078,Customer_1078,customer1078@mail.com,stored,Millet,2023-09-26,2023-10-31,39,975,35,20,910.0,no,53,0,2023-10-31,-910.0
451,Customer_451,customer451@mail.com,storing,Sorghum,2023-06-12,2023-06-23,135,3375,11,41,2029.5,no,41,138375,2023-06-23,136345.5
792,Customer_792,customer792@mail.com,stored,Rice,2023-06-03,2023-09-17,18,900,106,21,1335.6,no,39,35100,2023-09-17,33764.4
1787,Customer_1787,customer1787@mail.com,stored,Sorghum,2023-02-07,2023-03-24,11,275,45,34,561.0,partial,32,0,2023-03-24,-561.0
430,Customer_430,customer430@mail.com,sold,Maize,2023-07-12,2023-11-12,126,3150,123,43,22213.8,no,35,110250,2023-11-12,88036.2
246,Customer_246,customer246@mail.com,storing,Sorghum,2023-11-07,2024-03-04,62,3100,118,31,7559.87,partial,26,0,2024-03-04,-7559.87
149,Customer_149,customer149@mail.com,storing,Wheat,2023-02-11,2023-03-08,168,8400,25,27,3780.0,yes,33,0,2023-03-08,-3780.0
202,Customer_202,customer202@mail.com,stored,Sorghum,2024-03-25,2024-06-26,162,8100,93,34,17074.8,partial,51,413100,2024-06-26,396025.2
1895,Customer_1895,customer1895@mail.com,storing,Rice,2023-06-24,2023-10-04,67,1675,102,53,12073.4,partial,31,51925,2023-10-04,39851.6
150,Customer_150,customer150@mail.com,stored,Rice,2024-01-07,2024-06-21,36,900,166,38,7569.6,yes,54,48600,2024-06-21,41030.4
1081,Customer_1081,customer1081@mail.com,sold,Barley,2023-10-16,2023-11-21,153,7650,36,33,6058.8,yes,32,244800,2023-11-21,238741.2
500,Customer_500,customer500@mail.com,storing,Wheat,2023-03-06,2023-07-17,67,3350,133,35,10396.17,yes,53,0,2023-07-17,-10396.17
1527,Customer_1527,customer1527@mail.com,sold,Maize,2024-06-06,2024-07-05,172,8600,29,32,5320.53,no,26,0,2024-07-05,-5320.53
1887,Customer_1887,customer1887@mail.com,storing,Barley,2024-01-28,2024-04-21,23,575,84,23,1481.2,no,48,27600,2024-04-21,26118.8
826,Customer_826,customer826@mail.com,sold,Wheat,2023-07-04,2023-12-12,15,375,161,45,3622.5,partial,55,0,2023-12-12,-3622.5
1458,Customer_1458,customer1458@mail.com,stored,Barley,2024-04-04,2024-06-10,192,9600,67,27,11577.6,partial,38,364800,2024-06-10,353222.4
404,Customer_404,customer404@mail.com,stored,Barley,2023-07-05,2023-10-26,160,8000,113,38,22901.33,yes,55,0,2023-10-26,-22901.33
346,Customer_346,customer346@mail.com,sold,Millet,2023-07-30,2023-09-22,36,900,54,39,2527.2,partial,39,35100,2023-09-22,32572.8
17,Customer_17,customer17@mail.com,stored,Wheat,2024-03-11,2024-08-21,163,8150,163,43,38082.23,yes,53,431950,2024-08-21,393867.77
22,Customer_22,customer22@mail.com,stored,Barley,2023-05-07,2023-07-07,158,3950,61,29,9316.73,partial,35,0,2023-07-07,-9316.73
151,Customer_151,customer151@mail.com,sold,Barley,2023-07-24,2023-11-10,162,4050,109,28,16480.8,partial,39,157950,2023-11-10,141469.2
981,Customer_981,customer981@mail.com,sold,Barley,2023-01-11,2023-05-02,114,5700,111,22,9279.6,partial,38,0,2023-05-02,-9279.6
1296,Customer_1296,customer1296@mail.com,storing,Sorghum,2023-02-25,2023-05-22,79,3950,86,49,11096.87,yes,45,177750,2023-05-22,166653.13
165,Customer_165,customer165@mail.com,storing,Rice,2024-01-15,2024-05-10,82,2050,116,57,18072.8,no,34,0,2024-05-10,-18072.8
1667,Customer_1667,customer1667@mail.com,sold,Rice,2023-11-29,2023-12-23,185,9250,24,42,6216.0,partial,40,370000,2023-12-23,363784.0
648,Customer_648,customer648@mail.com,stored,Wheat,2023-07-06,2023-10-12,188,9400,98,36,22108.8,no,45,0,2023-10-12,-22108.8
948,Customer_948,customer948@mail.com,sold,Barley,2023-04-20,2023-06-02,189,4725,43,54,14628.6,no,53,0,2023-06-02,-14628.6
1433,Customer_1433,customer1433@mail.com,stored,Wheat,2024-05-16,2024-06-04,73,3650,19,51,2357.9,no,53,193450,2024-06-04,191092.1
939,Customer_939,customer939@mail.com,stored,Rice,2024-01-03,2024-05-28,12,300,146,54,3153.6,partial,45,0,2024-05-28,-3153.6
1569,Customer_1569,customer1569@mail.com,sold,Rice,2024-07-08,2024-10-27,34,1700,111,36,4528.8,no,39,66300,2024-10-27,61771.2
1620,Customer_1620,customer1620@mail.com,sold,Rice,2023-02-09,2023-03-16,154,7700,35,49,8803.67,partial,31,0,2023-03-16,-8803.67
1868,Customer_1868,customer1868@mail.com,sold,Sorghum,2023-01-29,2023-04-01,14,700,62,55,1591.33,no,54,0,2023-04-01,-1591.33
961,Customer_961,customer961@mail.com,sold,Sorghum,2024-05-12,2024-10-19,74,3700,160,57,22496.0,yes,36,133200,2024-10-19,110704.0
1585,Customer_1585,customer1585@mail.com,sold,Wheat,2024-08-14,2024-10-24,144,3600,71,26,8860.8,partial,51,183600,2024-10-24,174739.2
1685,Customer_1685,customer1685@mail.com,stored,Wheat,2024-08-01,2025-01-14,195,4875,166,45,48555.0,yes,29,0,2025-01-14,-48555.0
1224,Customer_1224,customer1224@mail.com,sold,Millet,2023-05-22,2023-06-07,39,975,16,51,1060.8,partial,54,52650,2023-06-07,51589.2
184,Customer_184,customer184@mail.com,storing,Sorghum,2024-06-08,2024-07-05,183,9150,27,27,4446.9,partial,31,0,2024-07-05,-4446.9
418,Customer_418,customer418@mail.com,storing,Barley,2024-03-19,2024-06-29,58,2900,102,51,10057.2,partial,37,0,2024-06-29,-10057.2
432,Customer_432,customer432@mail.com,storing,Barley,2024-04-22,2024-08-02,153,7650,102,40,20808.0,yes,54,0,2024-08-02,-20808.0
456,Customer_456,customer456@mail.com,sold,Millet,2023-08-31,2024-02-06,118,2950,159,27,16885.8,no,42,0,2024-02-06,-16885.8
62,Customer_62,customer62@mail.com,sold,Barley,2023-08-06,2023-09-27,186,9300,52,30,9672.0,partial,26,241800,2023-09-27,232128.0
1619,Customer_1619,customer1619@mail.com,sold,Millet,2023-08-15,2024-02-05,109,5450,174,41,25920.2,no,42,228900,2024-02-05,202979.8
33,Customer_33,customer33@mail.com,storing,Maize,2023-05-09,2023-08-21,53,2650,104,56,10289.07,yes,49,0,2023-08-21,-10289.07
1467,Customer_1467,customer1467@mail.com,sold,Maize,2024-02-18,2024-04-04,128,6400,46,38,7458.13,partial,53,0,2024-04-04,-7458.13
1803,Customer_1803,customer1803@mail.com,stored,Millet,2024-08-13,2024-12-05,161,4025,114,57,34872.6,partial,29,116725,2024-12-05,81852.4
1833,Customer_1833,customer1833@mail.com,stored,Barley,2023-02-18,2023-05-04,176,8800,75,54,23760.0,partial,29,0,2023-05-04,-23760.0
343,Customer_343,customer343@mail.com,stored,Rice,2023-02-04,2023-04-14,144,7200,69,39,12916.8,partial,28,0,2023-04-14,-12916.8
1480,Customer_1480,customer1480@mail.com,storing,Rice,2023-05-01,2023-07-14,149,3725,74,56,20581.87,yes,48,178800,2023-07-14,158218.13
553,Customer_553,customer553@mail.com,storing,Sorghum,2024-06-28,2024-08-20,147,3675,53,30,7791.0,yes,28,0,2024-08-20,-7791.0
1196,Customer_1196,customer1196@mail.com,stored,Barley,2023-01-11,2023-02-18,86,2150,38,33,3594.8,partial,37,79550,2023-02-18,75955.2
607,Customer_607,customer607@mail.com,storing,Wheat,2023-01-01,2023-01-30,26,1300,29,52,1306.93,yes,50,65000,2023-01-30,63693.07
47,Customer_47,customer47@mail.com,sold,Barley,2023-05-08,2023-10-23,36,900,168,37,7459.2,no,44,0,2023-10-23,-7459.2
264,Customer_264,customer264@mail.com,storing,Maize,2023-02-13,2023-07-22,108,2700,159,32,18316.8,yes,50,0,2023-07-22,-18316.8
851,Customer_851,customer851@mail.com,storing,Sorghum,2024-01-13,2024-05-20,166,8300,128,29,20539.73,no,37,0,2024-05-20,-20539.73
1281,Customer_1281,customer1281@mail.com,stored,Wheat,2024-07-29,2024-11-01,162,8100,95,25,12825.0,partial,52,0,2024-11-01,-12825.0
1088,Customer_1088,customer1088@mail.com,stored,Sorghum,2024-07-04,2024-12-12,115,2875,161,20,12343.33,yes,35,100625,2024-12-12,88281.67
681,Customer_681,customer681@mail.com,storing,Millet,2023-06-10,2023-07-26,71,3550,46,44,4790.13,no,32,0,2023-07-26,-4790.13
323,Customer_323,customer323@mail.com,stored,Barley,2023-01-31,2023-04-23,108,2700,82,49,14464.8,yes,43,116100,2023-04-23,101635.2
1498,Customer_1498,customer1498@mail.com,stored,Rice,2023-04-08,2023-05-23,34,850,45,22,1122.0,no,52,0,2023-05-23,-1122.0
776,Customer_776,customer776@mail.com,storing,Sorghum,2024-05-05,2024-10-02,87,4350,150,44,19140.0,yes,53,0,2024-10-02,-19140.0
156,Customer_156,customer156@mail.com,sold,Sorghum,2023-12-05,2024-02-03,125,3125,60,47,11750.0,partial,33,103125,2024-02-03,91375.0
1166,Customer_1166,customer1166@mail.com,storing,Barley,2023-05-01,2023-06-02,69,3450,32,53,3900.8,yes,41,0,2023-06-02,-3900.8
1608,Customer_1608,customer1608@mail.com,stored,Wheat,2024-04-25,2024-08-04,196,9800,101,34,22435.47,no,45,441000,2024-08-04,418564.53
1884,Customer_1884,customer1884@mail.com,storing,Maize,2024-08-19,2024-11-28,104,5200,101,21,7352.8,no,36,0,2024-11-28,-7352.8
81,Customer_81,customer81@mail.com,stored,Millet,2023-09-30,2024-02-25,19,475,148,49,4592.93,partial,46,0,2024-02-25,-4592.93
1030,Customer_1030,customer1030@mail.com,sold,Sorghum,2023-06-20,2023-07-07,74,1850,17,37,1551.53,yes,39,72150,2023-07-07,70598.47
1823,Customer_1823,customer1823@mail.com,sold,Maize,2024-03-20,2024-08-04,104,2600,137,56,26596.27,yes,37,96200,2024-08-04,69603.73
1024,Customer_1024,customer1024@mail.com,storing,Barley,2024-05-23,2024-09-02,196,4900,102,33,21991.2,no,54,0,2024-09-02,-21991.2
1126,Customer_1126,customer1126@mail.com,sold,Barley,2023-02-24,2023-04-26,157,7850,61,45,14365.5,yes,39,306150,2023-04-26,291784.5
630,Customer_630,customer630@mail.com,sold,Rice,2023-02-10,2023-05-24,157,3925,103,42,22639.4,partial,27,0,2023-05-24,-22639.4
1220,Customer_1220,customer1220@mail.com,stored,Barley,2024-02-18,2024-05-26,77,3850,98,29,7294.47,partial,28,107800,2024-05-26,100505.53
969,Customer_969,customer969@mail.com,stored,Wheat,2023-08-01,2024-01-14,162,8100,166,42,37648.8,partial,26,0,2024-01-14,-37648.8
382,Customer_382,customer382@mail.com,stored,Barley,2024-02-06,2024-03-12,174,4350,35,27,5481.0,partial,49,0,2024-03-12,-5481.0
1312,Customer_1312,customer1312@mail.com,stored,Rice,2023-03-19,2023-05-03,121,3025,45,45,8167.5,partial,29,87725,2023-05-03,79557.5
820,Customer_820,customer820@mail.com,sold,Barley,2024-02-13,2024-05-22,95,4750,99,55,17242.5,yes,47,0,2024-05-22,-17242.5
255,Customer_255,customer255@mail.com,sold,Millet,2024-02-05,2024-06-11,111,5550,127,34,15976.6,partial,42,233100,2024-06-11,217123.4
1746,Customer_1746,customer1746@mail.com,storing,Maize,2023-02-18,2023-03-22,98,4900,32,24,2508.8,no,40,196000,2023-03-22,193491.2
98,Customer_98,customer98@mail.com,stored,Maize,2024-01-15,2024-01-30,80,2000,15,48,1920.0,no,26,0,2024-01-30,-1920.0
1335,Customer_1335,customer1335@mail.com,sold,Barley,2023-04-25,2023-05-14,96,2400,19,53,3222.4,no,47,112800,2023-05-14,109577.6
325,Customer_325,customer325@mail.com,storing,Rice,2023-06-24,2023-08-03,175,8750,40,48,11200.0,no,35,0,2023-08-03,-11200.0
504,Customer_504,customer504@mail.com,stored,Barley,2023-06-22,2023-10-24,194,9700,124,43,34480.27,partial,55,0,2023-10-24,-34480.27
93,Customer_93,customer93@mail.com,storing,Rice,2023-12-29,2024-01-21,50,2500,23,59,2261.67,no,35,0,2024-01-21,-2261.67
1364,Customer_1364,customer1364@mail.com,sold,Millet,2023-11-18,2024-01-03,92,2300,46,50,7053.33,yes,34,78200,2024-01-03,71146.67
152,Customer_152,customer152@mail.com,storing,Maize,2024-05-15,2024-10-28,134,6700,166,51,37814.8,no,36,0,2024-10-28,-37814.8
663,Customer_663,customer663@mail.com,stored,Rice,2024-01-09,2024-05-14,195,4875,126,38,31122.0,partial,55,268125,2024-05-14,237003.0
196,Customer_196,customer196@mail.com,sold,Millet,2023-03-15,2023-07-12,122,6100,119,52,25164.53,no,27,0,2023-07-12,-25164.53
1282,Customer_1282,customer1282@mail.com,storing,Sorghum,2024-03-12,2024-07-04,101,2525,114,30,11514.0,yes,42,0,2024-07-04,-11514.0
1968,Customer_1968,customer1968@mail.com,storing,Barley,2024-03-04,2024-05-10,10,250,67,35,781.67,no,45,0,2024-05-10,-781.67
1155,Customer_1155,customer1155@mail.com,sold,Barley,2023-08-31,2024-02-05,99,2475,158,29,15120.6,partial,48,118800,2024-02-05,103679.4
1766,Customer_1766,customer1766@mail.com,stored,Wheat,2023-10-07,2023-11-18,81,2025,42,25,2835.0,no,26,0,2023-11-18,-2835.0
1836,Customer_1836,customer1836@mail.com,stored,Rice,2023-08-16,2024-02-05,192,9600,173,42,46502.4,no,25,240000,2024-02-05,193497.6
1839,Customer_1839,customer1839@mail.com,storing,Maize,2023-12-13,2024-01-23,30,1500,41,40,1640.0,no,53,0,2024-01-23,-1640.0
1790,Customer_1790,customer1790@mail.com,stored,Millet,2023-05-31,2023-07-29,165,8250,59,48,15576.0,no,30,247500,2023-07-29,231924.0
320,Customer_320,customer320@mail.com,stored,Barley,2023-11-22,2024-03-11,63,1575,110,21,4851.0,partial,38,59850,2024-03-11,54999.0
397,Customer_397,customer397@mail.com,sold,Sorghum,2023-09-21,2023-12-09,180,4500,79,37,17538.0,no,26,117000,2023-12-09,99462.0
1584,Customer_1584,customer1584@mail.com,sold,Rice,2023-08-01,2024-01-25,110,2750,177,41,26609.0,yes,43,118250,2024-01-25,91641.0
893,Customer_893,customer893@mail.com,storing,Wheat,2024-07-14,2024-09-09,16,800,57,28,851.2,yes,48,0,2024-09-09,-851.2
1118,Customer_1118,customer1118@mail.com,sold,Millet,2023-08-23,2023-12-10,79,3950,109,44,12629.47,yes,40,0,2023-12-10,-12629.47
1581,Customer_1581,customer1581@mail.com,storing,Wheat,2023-11-26,2024-05-03,106,2650,159,57,32022.6,yes,29,0,2024-05-03,-32022.6
946,Customer_946,customer946@mail.com,storing,Sorghum,2024-05-15,2024-06-13,34,1700,29,25,821.67,partial,41,0,2024-06-13,-821.67
970,Customer_970,customer970@mail.com,sold,Sorghum,2024-07-24,2024-09-25,190,4750,63,41,16359.0,yes,37,0,2024-09-25,-16359.0
818,Customer_818,customer818@mail.com,stored,Wheat,2024-01-25,2024-07-21,37,925,178,21,4610.2,partial,44,0,2024-07-21,-4610.2
708,Customer_708,customer708@mail.com,sold,Sorghum,2023-10-11,2023-11-04,188,4700,24,56,8422.4,partial,49,230300,2023-11-04,221877.6
1408,Customer_1408,customer1408@mail.com,storing,Rice,2023-07-19,2023-11-18,89,4450,122,23,8324.47,no,45,0,2023-11-18,-8324.47
1571,Customer_1571,customer1571@mail.com,sold,Sorghum,2024-03-26,2024-06-07,83,4150,73,46,9290.47,no,52,215800,2024-06-07,206509.53
684,Customer_684,customer684@mail.com,sold,Barley,2024-03-11,2024-06-19,122,6100,100,37,15046.67,partial,42,256200,2024-06-19,241153.33
1536,Customer_1536,customer1536@mail.com,sold,Sorghum,2024-03-29,2024-04-23,49,1225,25,33,1347.5,yes,36,0,2024-04-23,-1347.5
1811,Customer_1811,customer1811@mail.com,sold,Wheat,2023-12-29,2024-04-25,127,6350,118,36,17983.2,no,44,279400,2024-04-25,261416.8
210,Customer_210,customer210@mail.com,sold,Millet,2023-10-15,2023-12-03,138,3450,49,39,8790.6,partial,47,0,2023-12-03,-8790.6
128,Customer_128,customer128@mail.com,stored,Wheat,2024-01-09,2024-06-30,148,3700,173,24,20483.2,no,39,0,2024-06-30,-20483.2
1153,Customer_1153,customer1153@mail.com,storing,Millet,2024-05-05,2024-07-11,174,4350,67,45,17487.0,partial,28,0,2024-07-11,-17487.0
1690,Customer_1690,customer1690@mail.com,storing,Rice,2023-04-16,2023-06-26,109,5450,71,44,11350.53,yes,50,272500,2023-06-26,261149.47
740,Customer_740,customer740@mail.com,sold,Wheat,2024-06-08,2024-11-05,168,8400,150,34,28560.0,no,39,327600,2024-11-05,299040.0
104,Customer_104,customer104@mail.com,sold,Maize,2024-01-18,2024-06-25,100,2500,159,54,28620.0,no,46,115000,2024-06-25,86380.0
1448,Customer_1448,customer1448@mail.com,stored,Rice,2023-05-11,2023-07-15,171,8550,65,28,10374.0,yes,50,0,2023-07-15,-10374.0
1079,Customer_1079,customer1079@mail.com,sold,Wheat,2023-03-05,2023-07-26,200,5000,143,49,46713.33,yes,40,200000,2023-07-26,153286.67
491,Customer_491,customer491@mail.com,storing,Rice,2024-07-22,2025-01-06,14,700,168,23,1803.2,partial,39,27300,2025-01-06,25496.8
1731,Customer_1731,customer1731@mail.com,storing,Wheat,2023-10-07,2024-02-25,84,2100,141,38,15002.4,no,38,0,2024-02-25,-15002.4
237,Customer_237,customer237@mail.com,stored,Millet,2023-06-15,2023-11-27,32,800,165,59,10384.0,partial,45,0,2023-11-27,-10384.0
931,Customer_931,customer931@mail.com,stored,Sorghum,2024-03-27,2024-04-08,110,5500,12,44,1936.0,no,36,198000,2024-04-08,196064.0
1821,Customer_1821,customer1821@mail.com,sold,Rice,2023-03-24,2023-05-07,18,900,44,30,792.0,partial,38,34200,2023-05-07,33408.0
1958,Customer_1958,customer1958@mail.com,storing,Maize,2023-04-30,2023-10-22,34,850,175,45,8925.0,yes,50,42500,2023-10-22,33575.0
721,Customer_721,customer721@mail.com,storing,Rice,2023-04-19,2023-06-17,57,2850,59,25,2802.5,no,49,139650,2023-06-17,136847.5
1275,Customer_1275,customer1275@mail.com,stored,Barley,2023-05-24,2023-09-18,116,5800,117,46,20810.4,partial,30,174000,2023-09-18,153189.6
1471,Customer_1471,customer1471@mail.com,sold,Wheat,2024-02-25,2024-05-23,92,2300,88,30,8096.0,no,46,105800,2024-05-23,97704.0
1272,Customer_1272,customer1272@mail.com,storing,Sorghum,2023-01-14,2023-01-26,57,1425,12,55,1254.0,no,29,0,2023-01-26,-1254.0
788,Customer_788,customer788@mail.com,stored,Sorghum,2023-06-15,2023-07-14,48,1200,29,57,2644.8,no,46,55200,2023-07-14,52555.2
42,Customer_42,customer42@mail.com,stored,Millet,2023-10-31,2024-01-17,29,725,78,33,2488.2,no,30,21750,2024-01-17,19261.8
1216,Customer_1216,customer1216@mail.com,stored,Millet,2024-08-20,2024-12-11,20,500,113,22,1657.33,yes,33,0,2024-12-11,-1657.33
1257,Customer_1257,customer1257@mail.com,sold,Millet,2024-05-23,2024-11-11,166,8300,172,37,35214.13,no,25,0,2024-11-11,-35214.13
1032,Customer_1032,customer1032@mail.com,sold,Sorghum,2024-03-16,2024-06-10,87,2175,86,32,7980.8,no,31,67425,2024-06-10,59444.2
1058,Customer_1058,customer1058@mail.com,sold,Maize,2023-09-03,2023-11-14,10,250,72,29,696.0,no,55,13750,2023-11-14,13054.0
1375,Customer_1375,customer1375@mail.com,sold,Millet,2023-11-16,2023-11-27,161,4025,11,39,2302.3,yes,49,197225,2023-11-27,194922.7
1657,Customer_1657,customer1657@mail.com,storing,Millet,2023-10-01,2023-12-23,125,6250,83,37,12795.83,yes,35,0,2023-12-23,-12795.83
99,Customer_99,customer99@mail.com,sold,Wheat,2023-02-14,2023-05-24,114,5700,99,49,18433.8,no,25,0,2023-05-24,-18433.8
204,Customer_204,customer204@mail.com,sold,Maize,2023-01-17,2023-02-23,161,8050,37,25,4964.17,no,52,418600,2023-02-23,413635.83
1933,Customer_1933,customer1933@mail.com,sold,Barley,2024-01-14,2024-06-03,70,3500,141,40,13160.0,no,25,0,2024-06-03,-13160.0
631,Customer_631,customer631@mail.com,storing,Maize,2024-02-13,2024-07-22,57,2850,160,58,17632.0,partial,51,0,2024-07-22,-17632.0
757,Customer_757,customer757@mail.com,stored,Rice,2023-10-18,2023-11-26,115,2875,39,39,5830.5,yes,36,0,2023-11-26,-5830.5
1583,Customer_1583,customer1583@mail.com,storing,Wheat,2024-03-02,2024-08-16,149,7450,167,25,20735.83,partial,41,305450,2024-08-16,284714.17
1686,Customer_1686,customer1686@mail.com,stored,Maize,2023-01-10,2023-03-02,164,4100,51,50,13940.0,yes,36,0,2023-03-02,-13940.0
755,Customer_755,customer755@mail.com,storing,Sorghum,2024-04-01,2024-09-27,35,875,179,31,6473.83,no,47,41125,2024-09-27,34651.17
432,Customer_432,customer432@mail.com,sold,Wheat,2024-03-17,2024-08-29,165,8250,165,29,26317.5,partial,48,396000,2024-08-29,369682.5
1882,Customer_1882,customer1882@mail.com,storing,Maize,2024-03-11,2024-05-06,23,575,56,47,2017.87,yes,35,20125,2024-05-06,18107.13
1368,Customer_1368,customer1368@mail.com,storing,Maize,2024-01-07,2024-02-04,194,4850,28,43,7785.87,no,45,218250,2024-02-04,210464.13
705,Customer_705,customer705@mail.com,storing,Sorghum,2024-03-20,2024-04-04,84,4200,15,60,2520.0,partial,54,0,2024-04-04,-2520.0
1323,Customer_1323,customer1323@mail.com,sold,Wheat,2023-07-08,2023-11-07,80,4000,122,27,8784.0,yes,51,204000,2023-11-07,195216.0
512,Customer_512,customer512@mail.com,sold,Maize,2023-11-11,2024-01-06,123,3075,56,33,7576.8,yes,38,0,2024-01-06,-7576.8
1713,Customer_1713,customer1713@mail.com,storing,Sorghum,2023-04-18,2023-09-03,132,3300,138,30,18216.0,partial,30,99000,2023-09-03,80784.0
609,Customer_609,customer609@mail.com,storing,Maize,2023-03-06,2023-05-03,108,5400,58,47,9813.6,partial,27,145800,2023-05-03,135986.4
111,Customer_111,customer111@mail.com,sold,Millet,2023-01-03,2023-07-01,86,4300,179,46,23604.13,no,28,120400,2023-07-01,96795.87
1199,Customer_1199,customer1199@mail.com,stored,Sorghum,2024-01-26,2024-06-25,179,8950,151,44,39642.53,partial,25,0,2024-06-25,-39642.53
650,Customer_650,customer650@mail.com,stored,Sorghum,2023-01-22,2023-07-01,28,1400,160,22,3285.33,no,52,0,2023-07-01,-3285.33
886,Customer_886,customer886@mail.com,sold,Wheat,2024-04-19,2024-08-03,127,3175,106,60,26924.0,no,40,127000,2024-08-03,100076.0
491,Customer_491,customer491@mail.com,storing,Millet,2024-08-10,2025-01-07,86,2150,150,41,17630.0,yes,40,86000,2025-01-07,68370.0
674,Customer_674,customer674@mail.com,storing,Rice,2023-06-16,2023-09-15,31,775,91,30,2821.0,yes,27,20925,2023-09-15,18104.0
1769,Customer_1769,customer1769@mail.com,stored,Millet,2024-05-19,2024-07-16,128,3200,58,41,10146.13,yes,32,0,2024-07-16,-10146.13
1152,Customer_1152,customer1152@mail.com,sold,Barley,2024-02-02,2024-06-24,104,5200,143,22,10906.13,no,27,140400,2024-06-24,129493.87
798,Customer_798,customer798@mail.com,stored,Rice,2023-05-28,2023-07-30,192,4800,63,35,14112.0,no,28,134400,2023-07-30,120288.0
210,Customer_210,customer210@mail.com,stored,Maize,2023-05-07,2023-07-10,131,3275,64,51,14252.8,partial,32,104800,2023-07-10,90547.2
906,Customer_906,customer906@mail.com,storing,Sorghum,2023-08-27,2024-01-04,179,4475,130,27,20943.0,partial,52,232700,2024-01-04,211757.0
1170,Customer_1170,customer1170@mail.com,storing,Barley,2023-06-18,2023-11-12,111,5550,147,47,25563.3,yes,53,0,2023-11-12,-25563.3
1092,Customer_1092,customer1092@mail.com,stored,Wheat,2023-06-28,2023-08-31,199,9950,64,56,23773.87,partial,43,0,2023-08-31,-23773.87
1479,Customer_1479,customer1479@mail.com,stored,Wheat,2023-05-25,2023-10-14,51,2550,142,20,4828.0,no,55,0,2023-10-14,-4828.0
1911,Customer_1911,customer1911@mail.com,sold,Barley,2024-01-21,2024-06-29,62,3100,160,25,8266.67,yes,36,111600,2024-06-29,103333.33
1443,Customer_1443,customer1443@mail.com,storing,Barley,2023-09-04,2023-10-01,67,1675,27,48,2894.4,partial,53,0,2023-10-01,-2894.4
1141,Customer_1141,customer1141@mail.com,stored,Rice,2023-08-18,2023-09-19,176,4400,32,40,7509.33,no,42,184800,2023-09-19,177290.67
764,Customer_764,customer764@mail.com,sold,Rice,2024-07-24,2024-09-15,189,9450,53,48,16027.2,partial,30,0,2024-09-15,-16027.2
1304,Customer_1304,customer1304@mail.com,stored,Millet,2024-01-24,2024-07-15,150,7500,173,46,39790.0,partial,26,0,2024-07-15,-39790.0
1769,Customer_1769,customer1769@mail.com,sold,Maize,2024-01-18,2024-05-08,38,950,111,37,5202.2,partial,50,0,2024-05-08,-5202.2
1205,Customer_1205,customer1205@mail.com,storing,Wheat,2023-01-16,2023-05-13,109,5450,117,29,12327.9,yes,27,147150,2023-05-13,134822.1
158,Customer_158,customer158@mail.com,stored,Sorghum,2023-07-15,2023-08-29,86,2150,45,20,2580.0,no,37,0,2023-08-29,-2580.0
1644,Customer_1644,customer1644@mail.com,storing,Sorghum,2023-05-04,2023-08-24,72,1800,112,54,14515.2,no,32,0,2023-08-24,-14515.2
242,Customer_242,customer242@mail.com,storing,Sorghum,2023-12-03,2024-04-16,20,500,135,43,3870.0,no,37,0,2024-04-16,-3870.0
958,Customer_958,customer958@mail.com,sold,Maize,2024-08-04,2025-01-10,26,650,159,47,6476.6,yes,41,26650,2025-01-10,20173.4
761,Customer_761,customer761@mail.com,stored,Wheat,2024-03-08,2024-07-08,100,5000,122,60,24400.0,yes,51,0,2024-07-08,-24400.0
1758,Customer_1758,customer1758@mail.com,stored,Barley,2023-05-14,2023-10-06,134,3350,145,31,20077.67,partial,36,0,2023-10-06,-20077.67
404,Customer_404,customer404@mail.com,storing,Wheat,2023-10-12,2024-02-29,25,1250,140,25,2916.67,partial,28,0,2024-02-29,-2916.67
1982,Customer_1982,customer1982@mail.com,sold,Barley,2024-08-05,2024-08-25,46,2300,20,26,797.33,yes,53,121900,2024-08-25,121102.67
410,Customer_410,customer410@mail.com,sold,Millet,2023-06-03,2023-10-10,193,9650,129,51,42324.9,partial,30,289500,2023-10-10,247175.1
551,Customer_551,customer551@mail.com,stored,Sorghum,2023-06-09,2023-09-08,164,8200,91,37,18406.27,partial,49,401800,2023-09-08,383393.73
1472,Customer_1472,customer1472@mail.com,stored,Millet,2024-01-01,2024-04-28,150,3750,118,52,30680.0,yes,27,101250,2024-04-28,70570.0
1717,Customer_1717,customer1717@mail.com,sold,Sorghum,2024-04-06,2024-09-30,95,2375,177,26,14573.0,partial,53,0,2024-09-30,-14573.0
968,Customer_968,customer968@mail.com,storing,Rice,2023-04-14,2023-05-22,50,2500,38,21,1330.0,yes,45,112500,2023-05-22,111170.0
1059,Customer_1059,customer1059@mail.com,storing,Wheat,2024-05-05,2024-06-25,33,1650,51,37,2075.7,partial,53,0,2024-06-25,-2075.7
1598,Customer_1598,customer1598@mail.com,sold,Wheat,2023-07-27,2023-09-23,121,6050,58,41,9591.27,yes,34,0,2023-09-23,-9591.27
1630,Customer_1630,customer1630@mail.com,stored,Maize,2023-02-06,2023-04-17,115,2875,70,23,6171.67,partial,28,0,2023-04-17,-6171.67
1927,Customer_1927,customer1927@mail.com,sold,Wheat,2023-09-30,2024-02-11,69,3450,134,45,13869.0,partial,50,172500,2024-02-11,158631.0
1954,Customer_1954,customer1954@mail.com,stored,Barley,2023-04-28,2023-10-03,31,1550,158,52,8489.87,partial,54,0,2023-10-03,-8489.87
931,Customer_931,customer931@mail.com,storing,Wheat,2024-01-15,2024-06-13,118,2950,150,60,35400.0,partial,45,0,2024-06-13,-35400.0
1904,Customer_1904,customer1904@mail.com,stored,Rice,2023-09-16,2024-01-21,49,1225,127,40,8297.33,no,41,0,2024-01-21,-8297.33
725,Customer_725,customer725@mail.com,storing,Maize,2023-03-29,2023-08-21,13,650,145,50,3141.67,no,48,0,2023-08-21,-3141.67
685,Customer_685,customer685@mail.com,stored,Barley,2023-04-14,2023-07-05,88,2200,82,21,5051.2,no,26,57200,2023-07-05,52148.8
194,Customer_194,customer194@mail.com,stored,Sorghum,2024-05-23,2024-06-18,58,1450,26,58,2915.47,no,46,0,2024-06-18,-2915.47
1799,Customer_1799,customer1799@mail.com,stored,Wheat,2023-09-14,2023-10-04,98,4900,20,21,1372.0,partial,27,132300,2023-10-04,130928.0
1511,Customer_1511,customer1511@mail.com,storing,Wheat,2024-02-17,2024-06-04,170,8500,108,39,23868.0,no,40,0,2024-06-04,-23868.0
159,Customer_159,customer159@mail.com,storing,Maize,2023-12-08,2023-12-27,106,2650,19,40,2685.33,no,54,143100,2023-12-27,140414.67
1696,Customer_1696,customer1696@mail.com,sold,Sorghum,2024-06-06,2024-12-03,30,750,180,21,3780.0,no,37,27750,2024-12-03,23970.0
377,Customer_377,customer377@mail.com,sold,Maize,2023-03-14,2023-08-27,195,9750,166,21,22659.0,no,46,448500,2023-08-27,425841.0
734,Customer_734,customer734@mail.com,sold,Wheat,2023-04-29,2023-07-11,122,3050,73,38,11280.93,yes,30,91500,2023-07-11,80219.07
1390,Customer_1390,customer1390@mail.com,sold,Wheat,2023-12-11,2024-04-14,186,4650,125,29,22475.0,partial,28,0,2024-04-14,-22475.0
870,Customer_870,customer870@mail.com,stored,Millet,2023-11-21,2024-03-29,147,3675,129,39,24651.9,yes,44,161700,2024-03-29,137048.1
1335,Customer_1335,customer1335@mail.com,sold,Sorghum,2023-12-23,2024-02-16,144,3600,55,41,10824.0,yes,45,162000,2024-02-16,151176.0
1688,Customer_1688,customer1688@mail.com,storing,Maize,2023-08-27,2023-12-28,195,4875,123,26,20787.0,partial,42,0,2023-12-28,-20787.0
1642,Customer_1642,customer1642@mail.com,stored,Wheat,2023-08-06,2024-01-12,156,3900,159,50,41340.0,partial,46,0,2024-01-12,-41340.0
2000,Customer_2000,customer2000@mail.com,storing,Wheat,2023-02-15,2023-05-22,174,8700,96,54,30067.2,no,36,0,2023-05-22,-30067.2
705,Customer_705,customer705@mail.com,stored,Millet,2024-05-11,2024-06-12,51,1275,32,26,1414.4,partial,47,59925,2024-06-12,58510.6
524,Customer_524,customer524@mail.com,sold,Sorghum,2024-07-09,2024-10-03,26,650,86,60,4472.0,no,45,0,2024-10-03,-4472.0
819,Customer_819,customer819@mail.com,sold,Millet,2023-04-20,2023-08-28,114,2850,130,45,22230.0,no,27,76950,2023-08-28,54720.0
1154,Customer_1154,customer1154@mail.com,stored,Barley,2024-03-15,2024-04-15,124,6200,31,36,4612.8,no,30,0,2024-04-15,-4612.8
36,Customer_36,customer36@mail.com,storing,Rice,2024-07-07,2024-07-17,165,8250,10,58,3190.0,no,49,0,2024-07-17,-3190.0
223,Customer_223,customer223@mail.com,sold,Rice,2024-05-21,2024-11-03,61,3050,166,26,8775.87,no,42,128100,2024-11-03,119324.13
1994,Customer_1994,customer1994@mail.com,sold,Millet,2023-12-04,2024-02-02,185,4625,60,30,11100.0,no,45,208125,2024-02-02,197025.0
1927,Customer_1927,customer1927@mail.com,storing,Millet,2023-04-23,2023-09-26,139,3475,156,27,19515.6,no,28,97300,2023-09-26,77784.4
553,Customer_553,customer553@mail.com,storing,Sorghum,2023-06-26,2023-12-01,158,7900,158,58,48263.73,partial,26,0,2023-12-01,-48263.73
558,Customer_558,customer558@mail.com,storing,Millet,2024-07-01,2024-08-11,68,1700,41,24,2230.4,partial,53,0,2024-08-11,-2230.4
204,Customer_204,customer204@mail.com,sold,Maize,2023-02-10,2023-07-18,112,2800,158,26,15336.53,yes,30,84000,2023-07-18,68663.47
266,Customer_266,customer266@mail.com,storing,Sorghum,2024-03-16,2024-08-28,34,850,165,31,5797.0,yes,47,0,2024-08-28,-5797.0
1135,Customer_1135,customer1135@mail.com,stored,Rice,2023-06-04,2023-09-27,63,3150,115,34,8211.0,yes,36,0,2023-09-27,-8211.0
1774,Customer_1774,customer1774@mail.com,sold,Millet,2024-02-24,2024-04-22,37,1850,58,31,2217.53,partial,37,68450,2024-04-22,66232.47
1973,Customer_1973,customer1973@mail.com,sold,Rice,2023-04-08,2023-05-08,197,4925,30,52,10244.0,no,40,0,2023-05-08,-10244.0
101,Customer_101,customer101@mail.com,stored,Sorghum,2024-02-21,2024-03-14,171,8550,22,24,3009.6,partial,39,333450,2024-03-14,330440.4
756,Customer_756,customer756@mail.com,sold,Rice,2024-05-15,2024-08-25,75,1875,102,56,14280.0,yes,45,0,2024-08-25,-14280.0
1603,Customer_1603,customer1603@mail.com,storing,Maize,2024-02-20,2024-03-26,168,8400,35,49,9604.0,no,30,252000,2024-03-26,242396.0
740,Customer_740,customer740@mail.com,sold,Wheat,2023-08-14,2024-02-02,194,4850,172,47,52276.53,partial,40,0,2024-02-02,-52276.53
449,Customer_449,customer449@mail.com,sold,Sorghum,2023-10-05,2024-02-01,134,3350,119,42,22324.4,partial,32,0,2024-02-01,-22324.4
900,Customer_900,customer900@mail.com,storing,Barley,2023-03-19,2023-04-23,176,4400,35,25,5133.33,no,34,0,2023-04-23,-5133.33
253,Customer_253,customer253@mail.com,stored,Millet,2023-09-07,2024-01-26,147,3675,141,45,31090.5,yes,51,0,2024-01-26,-31090.5
1072,Customer_1072,customer1072@mail.com,storing,Millet,2023-08-20,2023-09-24,45,2250,35,27,1417.5,no,30,0,2023-09-24,-1417.5
1068,Customer_1068,customer1068@mail.com,stored,Barley,2024-03-26,2024-08-09,187,4675,136,22,18650.13,partial,54,0,2024-08-09,-18650.13
1605,Customer_1605,customer1605@mail.com,stored,Sorghum,2023-05-18,2023-06-14,67,3350,27,26,1567.8,yes,39,0,2023-06-14,-1567.8
888,Customer_888,customer888@mail.com,storing,Maize,2023-12-11,2024-03-15,20,1000,95,33,2090.0,yes,34,34000,2024-03-15,31910.0
983,Customer_983,customer983@mail.com,sold,Millet,2023-11-06,2023-12-22,196,4900,46,38,11420.27,no,38,0,2023-12-22,-11420.27
530,Customer_530,customer530@mail.com,stored,Rice,2023-01-31,2023-02-10,83,2075,10,40,1106.67,partial,26,53950,2023-02-10,52843.33
909,Customer_909,customer909@mail.com,sold,Wheat,2023-11-30,2024-03-27,150,3750,118,41,24190.0,partial,43,161250,2024-03-27,137060.0
35,Customer_35,customer35@mail.com,stored,Maize,2023-12-06,2024-03-05,99,4950,90,28,8316.0,partial,44,217800,2024-03-05,209484.0
476,Customer_476,customer476@mail.com,sold,Maize,2024-07-17,2024-08-27,85,2125,41,32,3717.33,no,42,89250,2024-08-27,85532.67
1130,Customer_1130,customer1130@mail.com,storing,Rice,2023-07-13,2023-12-02,127,3175,142,38,22843.07,no,49,155575,2023-12-02,132731.93
1278,Customer_1278,customer1278@mail.com,sold,Sorghum,2024-06-30,2024-09-30,11,550,92,45,1518.0,yes,49,0,2024-09-30,-1518.0
813,Customer_813,customer813@mail.com,storing,Barley,2023-11-22,2024-04-06,22,1100,136,31,3091.73,partial,51,0,2024-04-06,-3091.73
1589,Customer_1589,customer1589@mail.com,stored,Sorghum,2024-07-13,2024-11-20,61,1525,130,31,8194.33,partial,44,67100,2024-11-20,58905.67
1848,Customer_1848,customer1848@mail.com,storing,Millet,2023-07-05,2023-10-01,118,2950,88,43,14883.73,partial,36,106200,2023-10-01,91316.27
133,Customer_133,customer133@mail.com,stored,Rice,2023-08-04,2023-12-16,62,1550,134,45,12462.0,partial,27,41850,2023-12-16,29388.0
1934,Customer_1934,customer1934@mail.com,sold,Millet,2023-01-06,2023-03-21,126,6300,74,23,7148.4,yes,53,333900,2023-03-21,326751.6
173,Customer_173,customer173@mail.com,storing,Wheat,2023-09-01,2023-10-11,161,8050,40,59,12665.33,no,41,330050,2023-10-11,317384.67
1543,Customer_1543,customer1543@mail.com,storing,Sorghum,2023-12-05,2024-03-07,116,2900,93,60,21576.0,partial,50,0,2024-03-07,-21576.0
1309,Customer_1309,customer1309@mail.com,sold,Maize,2024-03-19,2024-07-27,100,2500,130,34,14733.33,yes,39,0,2024-07-27,-14733.33
479,Customer_479,customer479@mail.com,stored,Sorghum,2023-03-15,2023-08-30,194,9700,168,47,51060.8,no,43,0,2023-08-30,-51060.8
1369,Customer_1369,customer1369@mail.com,storing,Millet,2023-11-10,2024-03-25,142,7100,136,42,27036.8,no,46,0,2024-03-25,-27036.8
1688,Customer_1688,customer1688@mail.com,stored,Barley,2023-10-12,2024-02-14,165,8250,125,29,19937.5,no,32,0,2024-02-14,-19937.5
1778,Customer_1778,customer1778@mail.com,sold,Rice,2023-12-11,2024-02-01,159,7950,52,30,8268.0,yes,30,238500,2024-02-01,230232.0
772,Customer_772,customer772@mail.com,sold,Millet,2023-10-22,2023-12-04,128,6400,43,38,6971.73,no,25,160000,2023-12-04,153028.27
1812,Customer_1812,customer1812@mail.com,sold,Maize,2024-01-02,2024-01-17,141,7050,15,23,1621.5,partial,48,0,2024-01-17,-1621.5
1850,Customer_1850,customer1850@mail.com,storing,Sorghum,2023-04-26,2023-05-07,101,2525,11,54,1999.8,no,55,138875,2023-05-07,136875.2
1085,Customer_1085,customer1085@mail.com,sold,Millet,2024-03-07,2024-07-01,84,4200,116,29,9419.2,partial,33,138600,2024-07-01,129180.8
842,Customer_842,customer842@mail.com,storing,Wheat,2024-02-07,2024-03-17,111,2775,39,42,6060.6,partial,52,0,2024-03-17,-6060.6
926,Customer_926,customer926@mail.com,storing,Maize,2023-09-01,2024-01-13,94,2350,134,35,14695.33,no,44,103400,2024-01-13,88704.67
803,Customer_803,customer803@mail.com,storing,Rice,2023-06-07,2023-07-28,119,5950,51,43,8698.9,yes,26,0,2023-07-28,-8698.9
703,Customer_703,customer703@mail.com,storing,Rice,2024-05-28,2024-07-01,21,1050,34,20,476.0,yes,50,0,2024-07-01,-476.0
196,Customer_196,customer196@mail.com,stored,Maize,2023-12-24,2024-02-07,75,1875,45,56,6300.0,no,26,0,2024-02-07,-6300.0
1133,Customer_1133,customer1133@mail.com,stored,Wheat,2024-04-26,2024-09-04,32,1600,131,53,7405.87,partial,43,0,2024-09-04,-7405.87
1109,Customer_1109,customer1109@mail.com,stored,Sorghum,2024-04-13,2024-06-27,174,8700,75,20,8700.0,partial,31,269700,2024-06-27,261000.0
1211,Customer_1211,customer1211@mail.com,stored,Maize,2024-05-26,2024-09-02,21,1050,99,23,1593.9,yes,33,34650,2024-09-02,33056.1
183,Customer_183,customer183@mail.com,stored,Maize,2023-06-24,2023-09-29,176,8800,97,31,17641.07,no,49,431200,2023-09-29,413558.93
399,Customer_399,customer399@mail.com,sold,Wheat,2024-04-28,2024-08-06,159,7950,100,49,25970.0,no,48,381600,2024-08-06,355630.0
1583,Customer_1583,customer1583@mail.com,stored,Wheat,2023-11-20,2023-12-06,13,325,16,54,374.4,partial,51,16575,2023-12-06,16200.6
1806,Customer_1806,customer1806@mail.com,stored,Maize,2024-07-12,2024-10-25,134,3350,105,38,17822.0,yes,26,87100,2024-10-25,69278.0
578,Customer_578,customer578@mail.com,stored,Rice,2024-07-17,2024-10-10,144,7200,85,48,19584.0,yes,28,201600,2024-10-10,182016.0
584,Customer_584,customer584@mail.com,storing,Barley,2024-07-18,2024-10-14,38,950,88,29,3232.53,partial,49,46550,2024-10-14,43317.47
997,Customer_997,customer997@mail.com,stored,Barley,2023-05-27,2023-09-04,159,3975,100,29,15370.0,yes,33,131175,2023-09-04,115805.0
502,Customer_502,customer502@mail.com,storing,Wheat,2023-05-14,2023-08-28,149,3725,106,32,16846.93,partial,49,0,2023-08-28,-16846.93
1925,Customer_1925,customer1925@mail.com,stored,Sorghum,2024-07-15,2024-07-28,171,8550,13,23,1704.3,no,54,461700,2024-07-28,459995.7
252,Customer_252,customer252@mail.com,storing,Rice,2024-05-16,2024-06-08,182,4550,23,21,2930.2,yes,39,0,2024-06-08,-2930.2
1854,Customer_1854,customer1854@mail.com,stored,Barley,2023-09-10,2023-10-07,93,2325,27,23,1925.1,yes,46,106950,2023-10-07,105024.9
1856,Customer_1856,customer1856@mail.com,stored,Millet,2023-12-16,2024-04-18,151,7550,124,60,37448.0,partial,51,0,2024-04-18,-37448.0
1836,Customer_1836,customer1836@mail.com,storing,Sorghum,2023-08-24,2023-11-18,185,4625,86,37,19622.33,no,50,231250,2023-11-18,211627.67
937,Customer_937,customer937@mail.com,storing,Millet,2023-01-19,2023-05-08,72,1800,109,51,13341.6,yes,33,59400,2023-05-08,46058.4
605,Customer_605,customer605@mail.com,stored,Rice,2023-09-05,2023-11-01,146,7300,57,51,14147.4,no,31,226300,2023-11-01,212152.6
1019,Customer_1019,customer1019@mail.com,sold,Rice,2024-02-04,2024-03-13,200,10000,38,28,7093.33,partial,54,540000,2024-03-13,532906.67
1574,Customer_1574,customer1574@mail.com,sold,Maize,2023-04-18,2023-05-05,10,500,17,48,272.0,no,33,0,2023-05-05,-272.0
764,Customer_764,customer764@mail.com,stored,Barley,2024-03-03,2024-07-11,88,2200,130,57,21736.0,yes,51,112200,2024-07-11,90464.0
276,Customer_276,customer276@mail.com,storing,Wheat,2024-06-27,2024-09-16,144,7200,81,26,10108.8,no,50,360000,2024-09-16,349891.2
754,Customer_754,customer754@mail.com,sold,Millet,2023-03-01,2023-08-20,89,2225,172,50,25513.33,no,48,0,2023-08-20,-25513.33
1695,Customer_1695,customer1695@mail.com,sold,Rice,2023-06-26,2023-07-12,125,6250,16,33,2200.0,yes,31,193750,2023-07-12,191550.0
679,Customer_679,customer679@mail.com,sold,Rice,2024-03-04,2024-04-14,77,1925,41,55,5787.83,no,45,86625,2024-04-14,80837.17
505,Customer_505,customer505@mail.com,stored,Rice,2024-06-14,2024-07-25,191,4775,41,38,9919.27,yes,53,0,2024-07-25,-9919.27
1930,Customer_1930,customer1930@mail.com,stored,Millet,2024-07-22,2024-10-19,200,10000,89,47,27886.67,no,46,460000,2024-10-19,432113.33
524,Customer_524,customer524@mail.com,storing,Maize,2024-01-24,2024-07-10,148,7400,168,58,48070.4,yes,34,251600,2024-07-10,203529.6
223,Customer_223,customer223@mail.com,stored,Millet,2024-05-28,2024-07-31,35,1750,64,41,3061.33,yes,55,0,2024-07-31,-3061.33
694,Customer_694,customer694@mail.com,stored,Maize,2023-12-18,2024-05-16,22,1100,150,58,6380.0,yes,52,57200,2024-05-16,50820.0
447,Customer_447,customer447@mail.com,sold,Rice,2023-06-21,2023-10-11,65,1625,112,44,10677.33,partial,52,84500,2023-10-11,73822.67
569,Customer_569,customer569@mail.com,storing,Sorghum,2024-03-13,2024-07-23,52,2600,132,57,13041.6,yes,45,0,2024-07-23,-13041.6
1269,Customer_1269,customer1269@mail.com,sold,Wheat,2023-05-16,2023-10-31,25,625,168,32,4480.0,no,27,0,2023-10-31,-4480.0
1845,Customer_1845,customer1845@mail.com,storing,Maize,2023-06-15,2023-12-02,179,4475,170,56,56802.67,yes,49,219275,2023-12-02,162472.33
1463,Customer_1463,customer1463@mail.com,sold,Wheat,2024-01-11,2024-06-15,191,9550,156,43,42707.6,partial,30,286500,2024-06-15,243792.4
271,Customer_271,customer271@mail.com,stored,Millet,2023-09-09,2024-02-16,72,1800,160,47,18048.0,partial,27,0,2024-02-16,-18048.0
1219,Customer_1219,customer1219@mail.com,sold,Rice,2024-03-26,2024-08-29,197,4925,156,38,38927.2,partial,30,147750,2024-08-29,108822.8
396,Customer_396,customer396@mail.com,sold,Maize,2023-11-18,2024-04-08,90,4500,142,25,10650.0,yes,44,0,2024-04-08,-10650.0
116,Customer_116,customer116@mail.com,stored,Sorghum,2023-08-28,2023-12-28,174,8700,122,51,36087.6,yes,25,217500,2023-12-28,181412.4
234,Customer_234,customer234@mail.com,stored,Wheat,2024-07-18,2024-08-19,145,7250,32,32,4949.33,partial,45,326250,2024-08-19,321300.67
263,Customer_263,customer263@mail.com,sold,Maize,2024-05-31,2024-07-05,48,1200,35,54,3024.0,no,49,58800,2024-07-05,55776.0
394,Customer_394,customer394@mail.com,stored,Rice,2023-04-01,2023-06-30,36,900,90,38,4104.0,yes,25,22500,2023-06-30,18396.0
962,Customer_962,customer962@mail.com,sold,Wheat,2024-06-14,2024-09-15,159,3975,93,20,9858.0,yes,28,111300,2024-09-15,101442.0
1615,Customer_1615,customer1615@mail.com,stored,Rice,2023-10-11,2024-04-07,140,7000,179,59,49284.67,partial,30,210000,2024-04-07,160715.33
1708,Customer_1708,customer1708@mail.com,sold,Barley,2023-04-25,2023-10-15,159,3975,173,59,54097.1,no,44,174900,2023-10-15,120802.9
1008,Customer_1008,customer1008@mail.com,storing,Sorghum,2024-03-13,2024-06-14,88,4400,93,58,15822.4,yes,42,0,2024-06-14,-15822.4
954,Customer_954,customer954@mail.com,stored,Rice,2023-12-14,2023-12-24,20,500,10,56,373.33,yes,48,0,2023-12-24,-373.33
62,Customer_62,customer62@mail.com,sold,Wheat,2024-05-21,2024-11-14,142,7100,177,60,50268.0,yes,40,0,2024-11-14,-50268.0
1272,Customer_1272,customer1272@mail.com,storing,Wheat,2024-03-13,2024-05-08,49,1225,56,33,3018.4,yes,25,0,2024-05-08,-3018.4
1242,Customer_1242,customer1242@mail.com,sold,Millet,2024-02-15,2024-04-13,178,8900,58,25,8603.33,partial,47,0,2024-04-13,-8603.33
1092,Customer_1092,customer1092@mail.com,stored,Wheat,2023-01-28,2023-07-27,156,3900,180,60,56160.0,no,39,0,2023-07-27,-56160.0
791,Customer_791,customer791@mail.com,stored,Rice,2023-01-03,2023-03-01,127,3175,57,39,9410.7,no,39,123825,2023-03-01,114414.3
899,Customer_899,customer899@mail.com,stored,Sorghum,2023-08-26,2024-01-12,174,4350,139,53,42728.6,partial,26,113100,2024-01-12,70371.4
1949,Customer_1949,customer1949@mail.com,stored,Millet,2024-03-12,2024-06-13,85,2125,93,50,13175.0,no,29,61625,2024-06-13,48450.0
1440,Customer_1440,customer1440@mail.com,stored,Millet,2024-07-07,2024-10-12,15,375,97,23,1115.5,no,47,17625,2024-10-12,16509.5
1723,Customer_1723,customer1723@mail.com,sold,Rice,2023-07-09,2023-12-28,114,5700,172,35,22876.0,no,25,0,2023-12-28,-22876.0
331,Customer_331,customer331@mail.com,sold,Wheat,2023-03-06,2023-08-30,153,7650,177,51,46037.7,partial,39,0,2023-08-30,-46037.7
218,Customer_218,customer218@mail.com,sold,Maize,2023-12-01,2024-04-11,197,9850,132,31,26870.8,partial,40,394000,2024-04-11,367129.2
1085,Customer_1085,customer1085@mail.com,stored,Barley,2023-01-23,2023-02-04,166,4150,12,31,2058.4,partial,42,174300,2023-02-04,172241.6
1162,Customer_1162,customer1162@mail.com,stored,Millet,2024-08-08,2024-08-20,75,1875,12,45,1350.0,yes,48,90000,2024-08-20,88650.0
314,Customer_314,customer314@mail.com,storing,Wheat,2023-07-18,2023-12-07,19,950,142,58,5216.13,yes,47,44650,2023-12-07,39433.87
156,Customer_156,customer156@mail.com,stored,Wheat,2023-02-11,2023-06-18,153,7650,127,20,12954.0,yes,41,0,2023-06-18,-12954.0
1292,Customer_1292,customer1292@mail.com,stored,Wheat,2023-09-06,2023-12-13,55,1375,98,48,8624.0,no,38,0,2023-12-13,-8624.0
27,Customer_27,customer27@mail.com,storing,Barley,2023-05-11,2023-10-08,112,5600,150,37,20720.0,no,41,229600,2023-10-08,208880.0
647,Customer_647,customer647@mail.com,storing,Wheat,2023-12-19,2024-01-27,73,1825,39,52,4934.8,yes,46,0,2024-01-27,-4934.8
408,Customer_408,customer408@mail.com,sold,Barley,2024-01-01,2024-01-14,71,1775,13,48,1476.8,yes,26,46150,2024-01-14,44673.2
485,Customer_485,customer485@mail.com,storing,Barley,2023-12-01,2024-04-27,73,1825,148,33,11884.4,partial,38,0,2024-04-27,-11884.4
762,Customer_762,customer762@mail.com,stored,Rice,2024-03-15,2024-05-15,52,1300,61,33,3489.2,no,49,63700,2024-05-15,60210.8
626,Customer_626,customer626@mail.com,sold,Barley,2024-07-19,2024-10-03,100,5000,76,55,13933.33,partial,37,0,2024-10-03,-13933.33
451,Customer_451,customer451@mail.com,storing,Millet,2023-07-09,2023-08-30,102,2550,52,35,6188.0,partial,36,91800,2023-08-30,85612.0
1024,Customer_1024,customer1024@mail.com,stored,Maize,2023-09-09,2024-01-13,157,3925,126,27,17803.8,partial,37,0,2024-01-13,-17803.8
1755,Customer_1755,customer1755@mail.com,stored,Sorghum,2023-03-25,2023-06-27,28,1400,94,32,2807.47,yes,44,0,2023-06-27,-2807.47
1832,Customer_1832,customer1832@mail.com,stored,Millet,2023-05-14,2023-07-17,95,2375,64,46,9322.67,partial,34,80750,2023-07-17,71427.33
262,Customer_262,customer262@mail.com,stored,Barley,2024-04-08,2024-06-13,40,1000,66,36,3168.0,no,26,0,2024-06-13,-3168.0
1595,Customer_1595,customer1595@mail.com,storing,Rice,2024-02-14,2024-05-01,100,2500,77,52,13346.67,yes,40,100000,2024-05-01,86653.33
1383,Customer_1383,customer1383@mail.com,storing,Sorghum,2023-11-09,2023-12-06,141,7050,27,46,5837.4,partial,33,232650,2023-12-06,226812.6
495,Customer_495,customer495@mail.com,storing,Wheat,2024-06-07,2024-09-13,176,8800,98,21,12073.6,partial,41,360800,2024-09-13,348726.4
1246,Customer_1246,customer1246@mail.com,storing,Sorghum,2024-07-09,2024-12-03,107,5350,147,58,30409.4,no,53,0,2024-12-03,-30409.4
739,Customer_739,customer739@mail.com,sold,Wheat,2024-08-22,2024-12-26,97,4850,126,56,22814.4,yes,53,0,2024-12-26,-22814.4
1429,Customer_1429,customer1429@mail.com,storing,Sorghum,2023-11-25,2024-03-02,110,5500,98,30,10780.0,partial,49,0,2024-03-02,-10780.0
317,Customer_317,customer317@mail.com,storing,Maize,2023-03-05,2023-07-13,39,975,130,52,8788.0,partial,39,38025,2023-07-13,29237.0
1617,Customer_1617,customer1617@mail.com,storing,Sorghum,2023-07-10,2023-10-31,64,3200,113,49,11812.27,yes,39,124800,2023-10-31,112987.73
1386,Customer_1386,customer1386@mail.com,storing,Wheat,2024-08-02,2024-08-30,55,2750,28,43,2207.33,partial,40,0,2024-08-30,-2207.33
1334,Customer_1334,customer1334@mail.com,stored,Rice,2023-02-15,2023-07-19,184,9200,154,53,50060.27,yes,51,0,2023-07-19,-50060.27
1754,Customer_1754,customer1754@mail.com,storing,Rice,2023-03-04,2023-06-02,153,7650,90,36,16524.0,partial,28,0,2023-06-02,-16524.0
1436,Customer_1436,customer1436@mail.com,storing,Maize,2024-05-11,2024-05-23,122,3050,12,24,1171.2,yes,33,0,2024-05-23,-1171.2
994,Customer_994,customer994@mail.com,stored,Wheat,2024-06-23,2024-11-02,53,1325,132,22,5130.4,no,35,0,2024-11-02,-5130.4
649,Customer_649,customer649@mail.com,sold,Rice,2023-10-03,2023-12-05,106,2650,63,42,9349.2,partial,37,0,2023-12-05,-9349.2
1050,Customer_1050,customer1050@mail.com,storing,Maize,2023-11-14,2024-02-17,43,1075,95,36,4902.0,yes,39,0,2024-02-17,-4902.0
1846,Customer_1846,customer1846@mail.com,sold,Wheat,2024-01-04,2024-03-04,94,2350,60,46,8648.0,partial,34,0,2024-03-04,-8648.0
1885,Customer_1885,customer1885@mail.com,stored,Sorghum,2024-07-06,2024-07-17,18,450,11,50,330.0,partial,48,21600,2024-07-17,21270.0
93,Customer_93,customer93@mail.com,stored,Sorghum,2024-02-21,2024-05-10,18,900,79,58,2749.2,no,39,35100,2024-05-10,32350.8
1612,Customer_1612,customer1612@mail.com,stored,Barley,2023-09-18,2024-01-23,194,9700,127,39,32029.4,no,41,0,2024-01-23,-32029.4
1694,Customer_1694,customer1694@mail.com,sold,Barley,2024-07-10,2024-08-13,98,4900,34,28,3109.87,partial,34,166600,2024-08-13,163490.13
449,Customer_449,customer449@mail.com,sold,Rice,2023-03-04,2023-08-08,147,7350,157,30,23079.0,partial,41,0,2023-08-08,-23079.0
7,Customer_7,customer7@mail.com,sold,Wheat,2024-01-06,2024-01-27,45,2250,21,60,1890.0,partial,48,108000,2024-01-27,106110.0
167,Customer_167,customer167@mail.com,stored,Rice,2023-06-24,2023-07-30,142,7100,36,47,8008.8,yes,35,248500,2023-07-30,240491.2
541,Customer_541,customer541@mail.com,sold,Wheat,2023-06-02,2023-08-22,124,6200,81,38,12722.4,yes,52,322400,2023-08-22,309677.6
148,Customer_148,customer148@mail.com,sold,Millet,2024-03-08,2024-04-18,129,3225,41,51,8991.3,partial,47,0,2024-04-18,-8991.3
826,Customer_826,customer826@mail.com,storing,Barley,2023-12-24,2024-01-04,49,1225,11,50,898.33,no,27,33075,2024-01-04,32176.67
516,Customer_516,customer516@mail.com,stored,Wheat,2023-10-07,2023-12-31,157,3925,85,29,12900.17,no,52,0,2023-12-31,-12900.17
440,Customer_440,customer440@mail.com,sold,Barley,2023-11-23,2024-03-17,54,1350,115,26,5382.0,partial,41,0,2024-03-17,-5382.0
1735,Customer_1735,customer1735@mail.com,storing,Sorghum,2023-04-23,2023-05-16,173,4325,23,35,4642.17,partial,43,185975,2023-05-16,181332.83
1014,Customer_1014,customer1014@mail.com,storing,Millet,2023-05-20,2023-09-26,188,4700,129,53,42845.2,yes,49,0,2023-09-26,-42845.2
756,Customer_756,customer756@mail.com,sold,Sorghum,2023-02-17,2023-08-14,178,4450,178,54,57031.2,yes,39,0,2023-08-14,-57031.2
141,Customer_141,customer141@mail.com,storing,Rice,2023-03-15,2023-06-20,181,9050,97,44,25750.27,no,54,488700,2023-06-20,462949.73
1116,Customer_1116,customer1116@mail.com,storing,Millet,2023-11-23,2024-02-01,179,8950,70,34,14200.67,yes,39,0,2024-02-01,-14200.67
1351,Customer_1351,customer1351@mail.com,storing,Sorghum,2023-04-10,2023-09-12,34,850,155,31,5445.67,partial,29,0,2023-09-12,-5445.67
1261,Customer_1261,customer1261@mail.com,stored,Rice,2023-02-20,2023-05-05,135,3375,74,53,17649.0,no,26,87750,2023-05-05,70101.0
1710,Customer_1710,customer1710@mail.com,storing,Wheat,2023-11-13,2024-04-14,26,1300,153,51,6762.6,no,25,0,2024-04-14,-6762.6
153,Customer_153,customer153@mail.com,storing,Barley,2023-12-23,2024-04-09,163,8150,108,59,34621.2,partial,41,0,2024-04-09,-34621.2
620,Customer_620,customer620@mail.com,stored,Barley,2023-08-02,2024-01-09,140,3500,160,24,17920.0,no,31,0,2024-01-09,-17920.0
1687,Customer_1687,customer1687@mail.com,sold,Barley,2023-06-13,2023-11-12,34,850,152,46,7924.27,yes,34,0,2023-11-12,-7924.27
904,Customer_904,customer904@mail.com,stored,Barley,2023-10-18,2024-04-07,21,525,172,52,6260.8,yes,52,0,2024-04-07,-6260.8
73,Customer_73,customer73@mail.com,storing,Wheat,2024-01-26,2024-05-08,27,1350,103,34,3151.8,no,48,0,2024-05-08,-3151.8
83,Customer_83,customer83@mail.com,sold,Rice,2023-04-08,2023-05-07,93,4650,29,22,1977.8,partial,47,0,2023-05-07,-1977.8
723,Customer_723,customer723@mail.com,storing,Wheat,2023-12-20,2024-03-21,42,2100,92,22,2833.6,no,50,0,2024-03-21,-2833.6
1886,Customer_1886,customer1886@mail.com,stored,Barley,2023-04-09,2023-06-10,55,1375,62,41,4660.33,partial,35,48125,2023-06-10,43464.67
1301,Customer_1301,customer1301@mail.com,storing,Sorghum,2023-12-28,2024-03-30,17,850,93,54,2845.8,yes,32,0,2024-03-30,-2845.8
167,Customer_167,customer167@mail.com,sold,Rice,2023-03-04,2023-08-23,172,8600,172,36,35500.8,no,31,266600,2023-08-23,231099.2
1867,Customer_1867,customer1867@mail.com,storing,Sorghum,2023-03-01,2023-07-16,102,5100,137,37,17234.6,partial,33,0,2023-07-16,-17234.6
1000,Customer_1000,customer1000@mail.com,stored,Sorghum,2023-10-14,2024-03-27,110,2750,165,34,20570.0,no,32,0,2024-03-27,-20570.0
1638,Customer_1638,customer1638@mail.com,stored,Millet,2023-04-27,2023-09-21,190,9500,147,28,26068.0,partial,51,484500,2023-09-21,458432.0
448,Customer_448,customer448@mail.com,storing,Maize,2023-06-28,2023-10-28,68,3400,122,27,7466.4,partial,37,0,2023-10-28,-7466.4
1884,Customer_1884,customer1884@mail.com,sold,Sorghum,2023-07-13,2023-08-01,28,1400,19,43,762.53,yes,40,0,2023-08-01,-762.53
23,Customer_23,customer23@mail.com,stored,Sorghum,2024-08-02,2024-09-30,31,775,59,27,1646.1,yes,29,0,2024-09-30,-1646.1
15,Customer_15,customer15@mail.com,sold,Maize,2023-02-21,2023-06-01,122,6100,100,57,23180.0,yes,44,0,2023-06-01,-23180.0
1409,Customer_1409,customer1409@mail.com,storing,Wheat,2023-05-03,2023-05-27,45,2250,24,59,2124.0,yes,45,0,2023-05-27,-2124.0
1712,Customer_1712,customer1712@mail.com,sold,Millet,2023-10-03,2023-12-19,163,4075,77,43,17989.77,no,42,0,2023-12-19,-17989.77
324,Customer_324,customer324@mail.com,sold,Maize,2024-01-25,2024-05-27,11,275,123,53,2390.3,partial,33,0,2024-05-27,-2390.3
507,Customer_507,customer507@mail.com,stored,Millet,2024-08-17,2024-09-29,88,4400,43,23,2901.07,partial,37,0,2024-09-29,-2901.07
422,Customer_422,customer422@mail.com,stored,Maize,2024-07-17,2024-08-08,61,3050,22,49,2191.93,partial,29,88450,2024-08-08,86258.07
286,Customer_286,customer286@mail.com,storing,Rice,2024-04-06,2024-06-11,149,7450,66,25,8195.0,yes,26,0,2024-06-11,-8195.0
1236,Customer_1236,customer1236@mail.com,sold,Sorghum,2024-06-14,2024-09-28,33,825,106,57,6646.2,partial,43,0,2024-09-28,-6646.2
1585,Customer_1585,customer1585@mail.com,storing,Wheat,2023-11-04,2023-12-25,86,4300,51,52,7602.4,no,52,0,2023-12-25,-7602.4
1740,Customer_1740,customer1740@mail.com,stored,Barley,2024-03-17,2024-08-11,50,1250,147,41,10045.0,no,31,0,2024-08-11,-10045.0
466,Customer_466,customer466@mail.com,storing,Wheat,2023-02-19,2023-03-22,142,3550,31,51,7483.4,partial,30,106500,2023-03-22,99016.6
813,Customer_813,customer813@mail.com,sold,Rice,2023-02-11,2023-08-02,167,4175,172,20,19149.33,yes,38,158650,2023-08-02,139500.67
379,Customer_379,customer379@mail.com,storing,Wheat,2023-01-26,2023-06-20,158,7900,145,51,38947.0,no,26,0,2023-06-20,-38947.0
475,Customer_475,customer475@mail.com,sold,Rice,2024-07-16,2025-01-07,42,1050,175,22,5390.0,no,44,0,2025-01-07,-5390.0
290,Customer_290,customer290@mail.com,storing,Sorghum,2023-04-10,2023-06-16,150,3750,67,57,19095.0,yes,25,93750,2023-06-16,74655.0
665,Customer_665,customer665@mail.com,sold,Wheat,2024-06-24,2024-08-03,11,275,40,59,865.33,no,43,11825,2024-08-03,10959.67
1471,Customer_1471,customer1471@mail.com,sold,Wheat,2023-07-16,2023-11-19,163,8150,126,30,20538.0,no,25,203750,2023-11-19,183212.0
1067,Customer_1067,customer1067@mail.com,stored,Wheat,2023-04-04,2023-04-25,49,2450,21,51,1749.3,no,32,78400,2023-04-25,76650.7
247,Customer_247,customer247@mail.com,sold,Maize,2023-03-09,2023-04-09,88,2200,31,56,5092.27,partial,38,0,2023-04-09,-5092.27
1165,Customer_1165,customer1165@mail.com,stored,Millet,2023-06-09,2023-09-04,99,2475,87,28,8038.8,no,51,126225,2023-09-04,118186.2
1764,Customer_1764,customer1764@mail.com,stored,Sorghum,2024-07-07,2024-12-25,152,3800,171,55,47652.0,partial,46,0,2024-12-25,-47652.0
1953,Customer_1953,customer1953@mail.com,storing,Rice,2023-11-06,2023-12-08,97,4850,32,55,5690.67,partial,48,0,2023-12-08,-5690.67
1822,Customer_1822,customer1822@mail.com,sold,Millet,2024-06-12,2024-07-24,132,3300,42,58,10718.4,yes,52,0,2024-07-24,-10718.4
313,Customer_313,customer313@mail.com,stored,Rice,2024-02-02,2024-05-06,36,900,94,41,4624.8,no,55,49500,2024-05-06,44875.2
1503,Customer_1503,customer1503@mail.com,sold,Maize,2023-02-13,2023-04-27,95,4750,73,55,12714.17,no,38,180500,2023-04-27,167785.83
88,Customer_88,customer88@mail.com,sold,Wheat,2023-01-16,2023-06-15,40,1000,150,21,4200.0,yes,53,0,2023-06-15,-4200.0
704,Customer_704,customer704@mail.com,storing,Rice,2024-01-04,2024-05-09,113,2825,126,28,13288.8,yes,35,98875,2024-05-09,85586.2
611,Customer_611,customer611@mail.com,stored,Barley,2023-01-25,2023-07-16,151,7550,172,47,40689.47,partial,31,234050,2023-07-16,193360.53
1976,Customer_1976,customer1976@mail.com,storing,Maize,2023-07-31,2023-11-05,124,6200,97,38,15235.47,partial,36,223200,2023-11-05,207964.53
408,Customer_408,customer408@mail.com,storing,Sorghum,2024-05-09,2024-08-20,23,575,103,45,3553.5,partial,54,0,2024-08-20,-3553.5
762,Customer_762,customer762@mail.com,stored,Barley,2024-03-30,2024-09-12,58,2900,166,50,16046.67,partial,54,0,2024-09-12,-16046.67
783,Customer_783,customer783@mail.com,storing,Sorghum,2024-03-28,2024-08-13,171,8550,138,43,33823.8,partial,48,0,2024-08-13,-33823.8
24,Customer_24,customer24@mail.com,storing,Wheat,2024-08-04,2024-09-02,158,7900,29,42,6414.8,yes,49,387100,2024-09-02,380685.2
435,Customer_435,customer435@mail.com,storing,Rice,2023-01-21,2023-07-04,121,3025,164,23,15213.73,partial,39,0,2023-07-04,-15213.73
736,Customer_736,customer736@mail.com,sold,Rice,2023-07-04,2023-07-26,50,2500,22,22,806.67,no,51,127500,2023-07-26,126693.33
663,Customer_663,customer663@mail.com,sold,Barley,2023-07-13,2023-11-01,148,7400,111,24,13142.4,partial,27,199800,2023-11-01,186657.6
1614,Customer_1614,customer1614@mail.com,stored,Wheat,2023-04-22,2023-10-15,154,7700,176,43,38849.07,no,36,0,2023-10-15,-38849.07
1067,Customer_1067,customer1067@mail.com,stored,Maize,2023-08-25,2024-01-25,55,2750,153,42,11781.0,yes,45,123750,2024-01-25,111969.0
1209,Customer_1209,customer1209@mail.com,stored,Millet,2023-03-06,2023-07-30,144,7200,146,29,20323.2,no,47,0,2023-07-30,-20323.2
836,Customer_836,customer836@mail.com,storing,Millet,2023-03-21,2023-06-29,120,6000,100,20,8000.0,no,55,330000,2023-06-29,322000.0
324,Customer_324,customer324@mail.com,stored,Barley,2023-03-10,2023-07-10,157,7850,122,24,15323.2,partial,44,0,2023-07-10,-15323.2
1739,Customer_1739,customer1739@mail.com,stored,Barley,2023-07-17,2023-09-01,196,4900,46,20,6010.67,yes,31,0,2023-09-01,-6010.67
188,Customer_188,customer188@mail.com,sold,Sorghum,2024-06-19,2024-09-19,112,2800,92,46,15799.47,no,41,0,2024-09-19,-15799.47
1971,Customer_1971,customer1971@mail.com,stored,Barley,2023-05-17,2023-10-08,12,300,144,58,3340.8,partial,34,10200,2023-10-08,6859.2
760,Customer_760,customer760@mail.com,storing,Sorghum,2024-08-09,2024-09-03,13,325,25,53,574.17,no,55,0,2024-09-03,-574.17
1460,Customer_1460,customer1460@mail.com,storing,Rice,2024-08-13,2024-09-20,101,2525,38,56,7164.27,partial,32,0,2024-09-20,-7164.27
1830,Customer_1830,customer1830@mail.com,stored,Rice,2024-06-09,2024-11-05,35,1750,149,51,8865.5,yes,29,50750,2024-11-05,41884.5
36,Customer_36,customer36@mail.com,stored,Sorghum,2023-11-29,2024-01-31,49,2450,63,36,3704.4,no,40,0,2024-01-31,-3704.4
1212,Customer_1212,customer1212@mail.com,sold,Rice,2024-03-18,2024-06-21,91,2275,95,47,13543.83,partial,54,122850,2024-06-21,109306.17
1037,Customer_1037,customer1037@mail.com,stored,Millet,2024-03-08,2024-04-21,83,4150,44,23,2799.87,partial,38,157700,2024-04-21,154900.13
494,Customer_494,customer494@mail.com,stored,Barley,2024-05-03,2024-06-15,142,7100,43,27,5495.4,yes,47,0,2024-06-15,-5495.4
1978,Customer_1978,customer1978@mail.com,sold,Maize,2023-10-13,2024-01-24,175,8750,103,22,13218.33,yes,29,253750,2024-01-24,240531.67
1453,Customer_1453,customer1453@mail.com,stored,Maize,2024-07-29,2024-08-27,199,4975,29,34,6540.47,yes,46,0,2024-08-27,-6540.47
501,Customer_501,customer501@mail.com,stored,Rice,2023-02-16,2023-03-31,131,6550,43,23,4318.63,no,45,0,2023-03-31,-4318.63
443,Customer_443,customer443@mail.com,stored,Wheat,2023-03-08,2023-08-08,159,3975,153,23,18650.7,no,30,119250,2023-08-08,100599.3
415,Customer_415,customer415@mail.com,storing,Sorghum,2024-05-23,2024-06-10,186,9300,18,41,4575.6,partial,39,362700,2024-06-10,358124.4
952,Customer_952,customer952@mail.com,storing,Sorghum,2023-12-24,2024-03-11,90,4500,78,51,11934.0,yes,43,0,2024-03-11,-11934.0
1184,Customer_1184,customer1184@mail.com,storing,Barley,2023-05-16,2023-07-10,52,1300,55,44,4194.67,yes,48,0,2023-07-10,-4194.67
890,Customer_890,customer890@mail.com,stored,Wheat,2024-08-19,2024-12-10,71,3550,113,54,14441.4,no,43,0,2024-12-10,-14441.4
960,Customer_960,customer960@mail.com,stored,Barley,2023-02-07,2023-04-04,40,1000,56,33,2464.0,partial,28,0,2023-04-04,-2464.0
1534,Customer_1534,customer1534@mail.com,sold,Rice,2023-08-19,2023-09-16,34,1700,28,56,1777.07,yes,29,49300,2023-09-16,47522.93
461,Customer_461,customer461@mail.com,stored,Rice,2024-01-27,2024-04-16,132,3300,80,27,9504.0,no,47,0,2024-04-16,-9504.0
550,Customer_550,customer550@mail.com,stored,Barley,2023-01-22,2023-04-09,37,1850,77,25,2374.17,partial,51,0,2023-04-09,-2374.17
1510,Customer_1510,customer1510@mail.com,stored,Millet,2023-08-30,2023-11-13,181,4525,75,46,20815.0,partial,26,0,2023-11-13,-20815.0
842,Customer_842,customer842@mail.com,stored,Wheat,2024-02-14,2024-05-11,181,4525,87,35,18371.5,no,32,0,2024-05-11,-18371.5
1942,Customer_1942,customer1942@mail.com,stored,Barley,2023-03-09,2023-06-15,78,1950,98,50,12740.0,no,55,0,2023-06-15,-12740.0
1872,Customer_1872,customer1872@mail.com,sold,Wheat,2024-01-07,2024-04-06,184,4600,90,36,19872.0,yes,49,0,2024-04-06,-19872.0
455,Customer_455,customer455@mail.com,storing,Sorghum,2023-06-18,2023-09-11,84,4200,85,41,9758.0,partial,47,0,2023-09-11,-9758.0
1212,Customer_1212,customer1212@mail.com,stored,Maize,2023-09-16,2024-02-20,198,9900,157,49,50773.8,no,50,495000,2024-02-20,444226.2
579,Customer_579,customer579@mail.com,stored,Maize,2024-05-12,2024-08-20,32,1600,100,41,4373.33,yes,40,64000,2024-08-20,59626.67
747,Customer_747,customer747@mail.com,storing,Wheat,2024-07-25,2024-08-04,97,4850,10,45,1455.0,partial,31,0,2024-08-04,-1455.0
140,Customer_140,customer140@mail.com,storing,Millet,2024-05-07,2024-10-25,115,5750,171,44,28842.0,no,39,224250,2024-10-25,195408.0
1378,Customer_1378,customer1378@mail.com,stored,Millet,2023-02-20,2023-06-28,57,2850,128,20,4864.0,no,42,119700,2023-06-28,114836.0
83,Customer_83,customer83@mail.com,sold,Barley,2023-07-12,2023-10-02,185,4625,82,23,11630.33,partial,32,0,2023-10-02,-11630.33
1503,Customer_1503,customer1503@mail.com,stored,Maize,2024-07-18,2024-11-21,31,1550,126,32,4166.4,partial,33,0,2024-11-21,-4166.4
410,Customer_410,customer410@mail.com,storing,Wheat,2023-04-22,2023-08-16,30,1500,116,41,4756.0,no,50,0,2023-08-16,-4756.0
636,Customer_636,customer636@mail.com,stored,Barley,2023-05-01,2023-10-05,120,3000,157,23,14444.0,no,31,93000,2023-10-05,78556.0
560,Customer_560,customer560@mail.com,stored,Rice,2024-03-17,2024-04-17,192,4800,31,32,6348.8,no,31,0,2024-04-17,-6348.8
1622,Customer_1622,customer1622@mail.com,sold,Maize,2023-11-30,2024-01-15,147,3675,46,42,9466.8,no,38,139650,2024-01-15,130183.2
1299,Customer_1299,customer1299@mail.com,storing,Rice,2024-04-23,2024-10-10,135,6750,170,20,15300.0,partial,54,0,2024-10-10,-15300.0
1030,Customer_1030,customer1030@mail.com,stored,Barley,2024-01-07,2024-03-26,163,4075,79,22,9443.13,yes,48,0,2024-03-26,-9443.13
817,Customer_817,customer817@mail.com,sold,Barley,2023-08-08,2023-09-10,48,1200,33,26,1372.8,no,34,40800,2023-09-10,39427.2
1255,Customer_1255,customer1255@mail.com,stored,Wheat,2023-08-20,2023-12-17,105,2625,119,27,11245.5,partial,31,81375,2023-12-17,70129.5
1695,Customer_1695,customer1695@mail.com,sold,Wheat,2024-07-13,2024-07-28,90,2250,15,37,1665.0,partial,35,78750,2024-07-28,77085.0
485,Customer_485,customer485@mail.com,storing,Barley,2024-01-15,2024-06-30,177,8850,167,59,58132.7,partial,52,0,2024-06-30,-58132.7
200,Customer_200,customer200@mail.com,stored,Maize,2023-08-20,2023-12-31,78,3900,133,24,8299.2,yes,48,0,2023-12-31,-8299.2
542,Customer_542,customer542@mail.com,sold,Maize,2023-12-03,2024-01-18,55,1375,46,52,4385.33,partial,28,0,2024-01-18,-4385.33
1537,Customer_1537,customer1537@mail.com,storing,Rice,2023-10-23,2024-02-25,11,275,125,55,2520.83,no,34,9350,2024-02-25,6829.17
894,Customer_894,customer894@mail.com,stored,Maize,2024-05-08,2024-10-04,10,250,149,50,2483.33,no,36,0,2024-10-04,-2483.33
1071,Customer_1071,customer1071@mail.com,stored,Sorghum,2024-07-01,2024-09-20,184,4600,81,25,12420.0,yes,36,165600,2024-09-20,153180.0
1956,Customer_1956,customer1956@mail.com,storing,Maize,2023-10-10,2024-03-12,193,4825,154,36,35666.4,partial,55,265375,2024-03-12,229708.6
1941,Customer_1941,customer1941@mail.com,stored,Wheat,2024-01-22,2024-06-28,34,1700,158,55,9848.67,yes,29,0,2024-06-28,-9848.67
1150,Customer_1150,customer1150@mail.com,stored,Millet,2024-06-10,2024-06-24,38,950,14,35,620.67,no,48,45600,2024-06-24,44979.33
897,Customer_897,customer897@mail.com,storing,Wheat,2024-05-10,2024-06-01,13,650,22,21,200.2,partial,51,0,2024-06-01,-200.2
1552,Customer_1552,customer1552@mail.com,sold,Wheat,2023-08-20,2024-01-11,69,1725,144,22,7286.4,partial,50,0,2024-01-11,-7286.4
478,Customer_478,customer478@mail.com,storing,Rice,2024-08-10,2024-12-08,176,4400,120,34,23936.0,partial,30,0,2024-12-08,-23936.0
1639,Customer_1639,customer1639@mail.com,sold,Millet,2023-07-22,2023-10-15,111,2775,85,20,6290.0,partial,25,69375,2023-10-15,63085.0
190,Customer_190,customer190@mail.com,storing,Maize,2024-06-22,2024-08-01,50,1250,40,51,3400.0,yes,31,0,2024-08-01,-3400.0
1411,Customer_1411,customer1411@mail.com,stored,Barley,2024-05-11,2024-05-22,117,5850,11,30,1287.0,yes,29,169650,2024-05-22,168363.0
954,Customer_954,customer954@mail.com,storing,Millet,2023-01-26,2023-03-17,177,8850,50,54,15930.0,yes,42,0,2023-03-17,-15930.0
472,Customer_472,customer472@mail.com,storing,Barley,2024-06-01,2024-11-13,189,9450,165,52,54054.0,partial,27,0,2024-11-13,-54054.0
1611,Customer_1611,customer1611@mail.com,stored,Wheat,2024-07-01,2024-07-28,120,3000,27,41,4428.0,yes,44,0,2024-07-28,-4428.0
1753,Customer_1753,customer1753@mail.com,stored,Sorghum,2024-05-16,2024-06-12,13,325,27,22,257.4,partial,43,0,2024-06-12,-257.4
706,Customer_706,customer706@mail.com,sold,Maize,2023-09-17,2023-10-22,156,3900,35,21,3822.0,no,30,0,2023-10-22,-3822.0
1496,Customer_1496,customer1496@mail.com,storing,Rice,2023-09-07,2024-02-21,45,2250,167,60,15030.0,no,40,0,2024-02-21,-15030.0
26,Customer_26,customer26@mail.com,storing,Rice,2024-06-03,2024-08-10,48,2400,68,33,3590.4,yes,37,0,2024-08-10,-3590.4
1118,Customer_1118,customer1118@mail.com,sold,Millet,2024-07-23,2025-01-04,144,7200,165,23,18216.0,yes,30,0,2025-01-04,-18216.0
1326,Customer_1326,customer1326@mail.com,sold,Wheat,2023-02-05,2023-07-28,119,5950,173,46,31566.73,partial,41,243950,2023-07-28,212383.27
1066,Customer_1066,customer1066@mail.com,storing,Barley,2023-09-26,2024-03-17,181,9050,173,36,37575.6,no,43,0,2024-03-17,-37575.6
751,Customer_751,customer751@mail.com,storing,Millet,2023-10-19,2024-02-24,134,6700,128,36,20582.4,no,40,0,2024-02-24,-20582.4
42,Customer_42,customer42@mail.com,storing,Rice,2023-03-05,2023-06-08,195,4875,95,20,12350.0,partial,49,0,2023-06-08,-12350.0
1041,Customer_1041,customer1041@mail.com,storing,Wheat,2023-10-05,2023-11-24,143,3575,50,40,9533.33,partial,45,160875,2023-11-24,151341.67
1238,Customer_1238,customer1238@mail.com,storing,Barley,2024-07-26,2025-01-08,196,4900,166,23,24944.27,no,32,156800,2025-01-08,131855.73
737,Customer_737,customer737@mail.com,stored,Millet,2023-03-13,2023-06-20,175,4375,99,43,24832.5,partial,46,201250,2023-06-20,176417.5
1956,Customer_1956,customer1956@mail.com,storing,Sorghum,2024-03-19,2024-08-07,136,3400,141,55,35156.0,no,41,0,2024-08-07,-35156.0
542,Customer_542,customer542@mail.com,storing,Barley,2024-05-15,2024-08-07,169,4225,84,30,14196.0,partial,47,0,2024-08-07,-14196.0
1603,Customer_1603,customer1603@mail.com,storing,Maize,2023-03-04,2023-08-27,42,1050,176,31,7638.4,no,48,0,2023-08-27,-7638.4
1577,Customer_1577,customer1577@mail.com,storing,Wheat,2023-09-01,2023-11-10,96,2400,70,33,7392.0,partial,26,0,2023-11-10,-7392.0
53,Customer_53,customer53@mail.com,sold,Barley,2023-12-17,2024-04-09,91,2275,114,27,9336.6,no,29,0,2024-04-09,-9336.6
1903,Customer_1903,customer1903@mail.com,sold,Rice,2023-09-05,2024-02-20,14,700,168,44,3449.6,no,37,25900,2024-02-20,22450.4
1305,Customer_1305,customer1305@mail.com,sold,Barley,2024-03-19,2024-03-29,30,750,10,49,490.0,partial,34,25500,2024-03-29,25010.0
1134,Customer_1134,customer1134@mail.com,sold,Rice,2023-10-11,2024-02-16,167,8350,128,50,35626.67,partial,41,342350,2024-02-16,306723.33
1617,Customer_1617,customer1617@mail.com,storing,Wheat,2023-05-22,2023-08-27,76,3800,97,41,10075.07,no,43,163400,2023-08-27,153324.93
1,Customer_1,customer1@mail.com,stored,Millet,2024-03-06,2024-04-09,148,7400,34,20,3354.67,no,37,0,2024-04-09,-3354.67
1775,Customer_1775,customer1775@mail.com,storing,Wheat,2023-04-18,2023-10-11,23,575,176,60,8096.0,yes,55,0,2023-10-11,-8096.0
1639,Customer_1639,customer1639@mail.com,storing,Maize,2023-12-08,2024-02-22,11,275,76,53,1476.93,no,43,11825,2024-02-22,10348.07
382,Customer_382,customer382@mail.com,stored,Wheat,2023-08-11,2023-08-23,93,4650,12,25,930.0,yes,35,0,2023-08-23,-930.0
641,Customer_641,customer641@mail.com,stored,Rice,2023-08-04,2024-01-29,31,1550,178,54,9932.4,no,52,0,2024-01-29,-9932.4
900,Customer_900,customer900@mail.com,sold,Barley,2023-06-06,2023-11-20,71,3550,167,41,16204.57,no,54,0,2023-11-20,-16204.57
1413,Customer_1413,customer1413@mail.com,stored,Barley,2024-01-24,2024-04-13,77,3850,80,56,11498.67,partial,36,0,2024-04-13,-11498.67
1562,Customer_1562,customer1562@mail.com,sold,Barley,2023-06-03,2023-06-19,130,6500,16,31,2149.33,no,25,0,2023-06-19,-2149.33
1394,Customer_1394,customer1394@mail.com,sold,Sorghum,2024-07-22,2024-12-20,87,2175,151,24,10509.6,yes,49,106575,2024-12-20,96065.4
1946,Customer_1946,customer1946@mail.com,stored,Barley,2023-04-01,2023-05-18,142,7100,47,53,11790.73,yes,36,0,2023-05-18,-11790.73
1926,Customer_1926,customer1926@mail.com,stored,Rice,2024-07-17,2024-10-14,158,7900,89,30,14062.0,yes,32,0,2024-10-14,-14062.0
1075,Customer_1075,customer1075@mail.com,storing,Maize,2023-05-22,2023-10-16,113,2825,147,31,17164.7,no,26,0,2023-10-16,-17164.7
1930,Customer_1930,customer1930@mail.com,sold,Maize,2024-05-17,2024-11-07,30,750,174,60,10440.0,yes,33,24750,2024-11-07,14310.0
291,Customer_291,customer291@mail.com,stored,Sorghum,2023-11-18,2024-04-15,131,6550,149,43,27977.23,partial,47,307850,2024-04-15,279872.77
1355,Customer_1355,customer1355@mail.com,stored,Rice,2024-05-15,2024-09-03,92,4600,111,48,16339.2,no,50,0,2024-09-03,-16339.2
1781,Customer_1781,customer1781@mail.com,stored,Wheat,2023-01-12,2023-04-13,33,1650,91,57,5705.7,partial,33,54450,2023-04-13,48744.3
1654,Customer_1654,customer1654@mail.com,sold,Wheat,2024-03-29,2024-05-27,103,2575,59,33,6684.7,no,48,123600,2024-05-27,116915.3
306,Customer_306,customer306@mail.com,sold,Rice,2024-04-23,2024-06-12,32,1600,50,41,2186.67,partial,37,0,2024-06-12,-2186.67
111,Customer_111,customer111@mail.com,storing,Wheat,2023-05-30,2023-07-04,148,7400,35,53,9151.33,yes,40,296000,2023-07-04,286848.67
251,Customer_251,customer251@mail.com,stored,Barley,2023-01-12,2023-03-02,182,4550,49,20,5945.33,partial,43,0,2023-03-02,-5945.33
900,Customer_900,customer900@mail.com,stored,Maize,2024-04-19,2024-07-18,49,2450,90,57,8379.0,no,43,105350,2024-07-18,96971.0
303,Customer_303,customer303@mail.com,sold,Wheat,2023-08-06,2023-08-21,178,4450,15,46,4094.0,yes,45,200250,2023-08-21,196156.0
1373,Customer_1373,customer1373@mail.com,storing,Rice,2024-04-04,2024-08-18,105,5250,136,41,19516.0,yes,49,257250,2024-08-18,237734.0
1127,Customer_1127,customer1127@mail.com,storing,Millet,2023-06-04,2023-07-14,172,8600,40,37,8485.33,yes,39,0,2023-07-14,-8485.33
1971,Customer_1971,customer1971@mail.com,stored,Millet,2023-02-27,2023-03-29,124,3100,30,45,5580.0,partial,52,0,2023-03-29,-5580.0
1644,Customer_1644,customer1644@mail.com,sold,Wheat,2023-03-04,2023-03-25,98,2450,21,30,2058.0,partial,44,0,2023-03-25,-2058.0
753,Customer_753,customer753@mail.com,storing,Millet,2024-03-20,2024-09-10,138,3450,174,28,22411.2,yes,48,165600,2024-09-10,143188.8
1913,Customer_1913,customer1913@mail.com,stored,Wheat,2024-01-03,2024-06-15,36,900,164,21,4132.8,no,39,35100,2024-06-15,30967.2
335,Customer_335,customer335@mail.com,stored,Sorghum,2023-06-22,2023-07-05,133,6650,13,42,2420.6,partial,46,305900,2023-07-05,303479.4
1295,Customer_1295,customer1295@mail.com,storing,Sorghum,2023-05-28,2023-09-14,37,925,109,55,7393.83,no,43,39775,2023-09-14,32381.17
212,Customer_212,customer212@mail.com,stored,Barley,2023-05-29,2023-06-26,45,2250,28,57,2394.0,yes,53,119250,2023-06-26,116856.0
1982,Customer_1982,customer1982@mail.com,storing,Millet,2024-01-27,2024-07-06,80,4000,161,53,22754.67,partial,40,0,2024-07-06,-22754.67
1068,Customer_1068,customer1068@mail.com,sold,Maize,2023-03-16,2023-08-27,128,6400,164,59,41284.27,partial,43,275200,2023-08-27,233915.73
1065,Customer_1065,customer1065@mail.com,stored,Sorghum,2024-07-19,2024-08-15,65,1625,27,25,1462.5,partial,32,52000,2024-08-15,50537.5
915,Customer_915,customer915@mail.com,storing,Wheat,2023-10-23,2024-03-20,114,2850,149,56,31707.2,no,37,105450,2024-03-20,73742.8
353,Customer_353,customer353@mail.com,stored,Rice,2023-01-20,2023-03-12,104,5200,51,57,10077.6,yes,32,0,2023-03-12,-10077.6
1361,Customer_1361,customer1361@mail.com,storing,Wheat,2023-09-21,2024-03-17,170,4250,178,34,34294.67,partial,48,204000,2024-03-17,169705.33
383,Customer_383,customer383@mail.com,storing,Wheat,2023-07-03,2023-08-19,51,1275,47,52,4154.8,partial,40,51000,2023-08-19,46845.2
1871,Customer_1871,customer1871@mail.com,sold,Rice,2023-11-19,2023-11-30,199,9950,11,37,2699.77,partial,33,0,2023-11-30,-2699.77
1894,Customer_1894,customer1894@mail.com,sold,Rice,2023-08-14,2023-11-11,91,2275,89,47,12688.43,partial,40,91000,2023-11-11,78311.57
1531,Customer_1531,customer1531@mail.com,storing,Wheat,2023-02-01,2023-04-14,134,6700,72,40,12864.0,no,29,194300,2023-04-14,181436.0
1122,Customer_1122,customer1122@mail.com,stored,Millet,2023-09-23,2024-01-14,135,6750,113,38,19323.0,no,46,310500,2024-01-14,291177.0
301,Customer_301,customer301@mail.com,stored,Rice,2023-05-22,2023-09-25,114,5700,126,45,21546.0,partial,50,285000,2023-09-25,263454.0
963,Customer_963,customer963@mail.com,storing,Wheat,2023-12-28,2024-02-05,61,3050,39,47,3727.1,partial,46,140300,2024-02-05,136572.9
1308,Customer_1308,customer1308@mail.com,stored,Barley,2024-03-29,2024-08-23,108,2700,147,23,12171.6,no,27,72900,2024-08-23,60728.4
664,Customer_664,customer664@mail.com,stored,Wheat,2024-06-13,2024-09-19,29,1450,98,37,3505.13,yes,52,75400,2024-09-19,71894.87
1796,Customer_1796,customer1796@mail.com,sold,Millet,2023-04-03,2023-04-23,168,8400,20,52,5824.0,yes,51,428400,2023-04-23,422576.0
1325,Customer_1325,customer1325@mail.com,sold,Wheat,2023-12-28,2024-05-03,37,925,127,38,5952.07,partial,25,0,2024-05-03,-5952.07
987,Customer_987,customer987@mail.com,storing,Maize,2024-01-01,2024-06-12,142,3550,163,22,16973.73,yes,45,159750,2024-06-12,142776.27
178,Customer_178,customer178@mail.com,sold,Rice,2023-12-06,2023-12-22,175,8750,16,41,3826.67,yes,41,358750,2023-12-22,354923.33
841,Customer_841,customer841@mail.com,sold,Rice,2023-12-22,2024-02-12,26,650,52,41,1847.73,no,29,18850,2024-02-12,17002.27
1489,Customer_1489,customer1489@mail.com,storing,Wheat,2024-05-17,2024-09-18,52,2600,124,39,8382.4,partial,41,106600,2024-09-18,98217.6
1044,Customer_1044,customer1044@mail.com,stored,Wheat,2024-05-08,2024-07-31,54,2700,84,59,8920.8,partial,51,0,2024-07-31,-8920.8
864,Customer_864,customer864@mail.com,stored,Rice,2024-03-22,2024-06-18,168,8400,88,49,24147.2,partial,36,0,2024-06-18,-24147.2
1004,Customer_1004,customer1004@mail.com,storing,Wheat,2024-08-04,2024-11-05,109,2725,93,31,10474.9,no,44,0,2024-11-05,-10474.9
334,Customer_334,customer334@mail.com,storing,Sorghum,2023-12-30,2024-03-09,157,7850,70,21,7693.0,yes,33,259050,2024-03-09,251357.0
237,Customer_237,customer237@mail.com,sold,Sorghum,2023-05-01,2023-08-01,191,9550,92,41,24015.07,partial,32,305600,2023-08-01,281584.93
1927,Customer_1927,customer1927@mail.com,stored,Sorghum,2023-07-23,2023-12-03,186,4650,133,45,37107.0,yes,27,125550,2023-12-03,88443.0
565,Customer_565,customer565@mail.com,storing,Millet,2023-02-11,2023-06-04,61,1525,113,50,11488.33,no,26,39650,2023-06-04,28161.67
1684,Customer_1684,customer1684@mail.com,stored,Millet,2023-01-10,2023-02-10,72,3600,31,46,3422.4,no,52,0,2023-02-10,-3422.4
1551,Customer_1551,customer1551@mail.com,storing,Rice,2024-07-29,2024-09-28,11,275,61,52,1163.07,no,55,0,2024-09-28,-1163.07
1354,Customer_1354,customer1354@mail.com,stored,Maize,2023-05-30,2023-09-17,88,4400,110,35,11293.33,no,55,242000,2023-09-17,230706.67
1069,Customer_1069,customer1069@mail.com,storing,Sorghum,2023-12-03,2024-03-24,134,3350,112,60,30016.0,no,39,0,2024-03-24,-30016.0
1102,Customer_1102,customer1102@mail.com,storing,Maize,2023-09-08,2024-01-02,15,750,116,53,3074.0,partial,37,27750,2024-01-02,24676.0
364,Customer_364,customer364@mail.com,sold,Millet,2023-05-07,2023-06-30,183,9150,54,60,19764.0,partial,36,329400,2023-06-30,309636.0
267,Customer_267,customer267@mail.com,stored,Barley,2024-04-27,2024-06-18,41,1025,52,44,3126.93,yes,44,0,2024-06-18,-3126.93
423,Customer_423,customer423@mail.com,sold,Millet,2024-07-15,2025-01-02,34,1700,171,55,10659.0,yes,28,47600,2025-01-02,36941.0
519,Customer_519,customer519@mail.com,stored,Millet,2023-09-07,2023-10-19,146,3650,42,39,7971.6,no,47,171550,2023-10-19,163578.4
1366,Customer_1366,customer1366@mail.com,sold,Maize,2024-03-09,2024-07-26,83,2075,139,59,22689.43,no,31,0,2024-07-26,-22689.43
1284,Customer_1284,customer1284@mail.com,storing,Rice,2023-04-04,2023-05-09,53,1325,35,33,2040.5,no,41,0,2023-05-09,-2040.5
139,Customer_139,customer139@mail.com,sold,Sorghum,2023-06-14,2023-09-18,80,4000,96,56,14336.0,no,54,0,2023-09-18,-14336.0
933,Customer_933,customer933@mail.com,stored,Millet,2023-02-24,2023-04-11,95,2375,46,44,6409.33,yes,48,0,2023-04-11,-6409.33
820,Customer_820,customer820@mail.com,sold,Rice,2024-08-06,2024-10-25,131,6550,80,28,9781.33,yes,38,0,2024-10-25,-9781.33
881,Customer_881,customer881@mail.com,stored,Barley,2023-04-25,2023-06-27,55,1375,63,59,6814.5,no,49,0,2023-06-27,-6814.5
1091,Customer_1091,customer1091@mail.com,storing,Barley,2023-10-17,2023-12-18,34,1700,62,41,2880.93,yes,27,45900,2023-12-18,43019.07
1429,Customer_1429,customer1429@mail.com,sold,Rice,2023-02-23,2023-06-23,56,1400,120,35,7840.0,partial,25,0,2023-06-23,-7840.0
1637,Customer_1637,customer1637@mail.com,sold,Barley,2023-12-21,2024-05-16,59,1475,147,48,13876.8,no,45,66375,2024-05-16,52498.2
1294,Customer_1294,customer1294@mail.com,storing,Wheat,2023-01-21,2023-02-26,186,9300,36,49,10936.8,no,48,446400,2023-02-26,435463.2
1828,Customer_1828,customer1828@mail.com,storing,Millet,2024-07-03,2024-10-09,131,3275,98,23,9842.47,partial,37,121175,2024-10-09,111332.53
1368,Customer_1368,customer1368@mail.com,storing,Millet,2023-08-29,2023-11-22,29,1450,85,48,3944.0,yes,31,44950,2023-11-22,41006.0
1818,Customer_1818,customer1818@mail.com,sold,Barley,2024-02-19,2024-03-20,170,8500,30,56,9520.0,partial,44,0,2024-03-20,-9520.0
1267,Customer_1267,customer1267@mail.com,sold,Rice,2024-04-20,2024-09-15,80,4000,148,31,12234.67,partial,42,0,2024-09-15,-12234.67
1907,Customer_1907,customer1907@mail.com,sold,Sorghum,2024-06-03,2024-11-12,195,9750,162,48,50544.0,partial,40,0,2024-11-12,-50544.0
434,Customer_434,customer434@mail.com,stored,Rice,2023-02-07,2023-03-12,39,975,33,37,1587.3,yes,35,34125,2023-03-12,32537.7
1754,Customer_1754,customer1754@mail.com,stored,Rice,2023-10-20,2024-01-28,14,350,100,56,2613.33,partial,28,0,2024-01-28,-2613.33
990,Customer_990,customer990@mail.com,stored,Barley,2023-06-18,2023-12-04,180,4500,169,52,52728.0,no,26,117000,2023-12-04,64272.0
398,Customer_398,customer398@mail.com,storing,Barley,2023-04-24,2023-10-12,112,2800,171,50,31920.0,partial,34,0,2023-10-12,-31920.0
587,Customer_587,customer587@mail.com,sold,Barley,2024-06-02,2024-09-20,148,7400,110,44,23877.33,yes,51,0,2024-09-20,-23877.33
199,Customer_199,customer199@mail.com,sold,Wheat,2024-06-05,2024-11-26,35,1750,174,23,4669.0,partial,40,0,2024-11-26,-4669.0
1022,Customer_1022,customer1022@mail.com,sold,Maize,2024-01-24,2024-02-19,25,625,26,55,1191.67,partial,28,0,2024-02-19,-1191.67
1069,Customer_1069,customer1069@mail.com,sold,Sorghum,2024-07-06,2024-09-07,115,5750,63,37,8935.5,yes,53,304750,2024-09-07,295814.5
1411,Customer_1411,customer1411@mail.com,storing,Sorghum,2023-11-11,2023-12-04,118,5900,23,60,5428.0,partial,52,306800,2023-12-04,301372.0
961,Customer_961,customer961@mail.com,sold,Barley,2024-02-25,2024-05-13,59,1475,78,30,4602.0,no,33,0,2024-05-13,-4602.0
1187,Customer_1187,customer1187@mail.com,stored,Maize,2023-03-17,2023-07-24,64,1600,129,58,15961.6,partial,39,0,2023-07-24,-15961.6
596,Customer_596,customer596@mail.com,storing,Rice,2024-02-03,2024-07-23,162,8100,171,50,46170.0,no,53,0,2024-07-23,-46170.0
1512,Customer_1512,customer1512@mail.com,storing,Wheat,2023-10-16,2024-03-27,157,3925,163,50,42651.67,no,29,113825,2024-03-27,71173.33
42,Customer_42,customer42@mail.com,stored,Maize,2024-08-15,2024-12-14,155,7750,121,28,17504.67,no,31,240250,2024-12-14,222745.33
238,Customer_238,customer238@mail.com,storing,Wheat,2023-08-24,2023-12-31,114,5700,129,57,27941.4,no,32,182400,2023-12-31,154458.6
1738,Customer_1738,customer1738@mail.com,stored,Barley,2023-08-05,2023-10-31,70,3500,87,26,5278.0,partial,49,171500,2023-10-31,166222.0
1429,Customer_1429,customer1429@mail.com,storing,Sorghum,2023-03-25,2023-09-05,147,3675,164,24,19286.4,partial,39,0,2023-09-05,-19286.4
1490,Customer_1490,customer1490@mail.com,sold,Wheat,2023-09-21,2024-03-02,58,2900,163,22,6932.93,partial,49,0,2024-03-02,-6932.93
60,Customer_60,customer60@mail.com,stored,Sorghum,2023-05-17,2023-06-25,124,6200,39,44,7092.8,yes,52,0,2023-06-25,-7092.8
1251,Customer_1251,customer1251@mail.com,stored,Millet,2023-11-26,2024-02-18,147,3675,84,23,9466.8,yes,27,99225,2024-02-18,89758.2
1249,Customer_1249,customer1249@mail.com,stored,Sorghum,2024-04-12,2024-07-12,27,675,91,36,2948.4,yes,35,23625,2024-07-12,20676.6
1450,Customer_1450,customer1450@mail.com,storing,Sorghum,2024-04-19,2024-08-28,166,8300,131,39,28269.8,no,29,0,2024-08-28,-28269.8
833,Customer_833,customer833@mail.com,stored,Rice,2023-03-03,2023-04-24,151,3775,52,46,12039.73,no,31,0,2023-04-24,-12039.73
1177,Customer_1177,customer1177@mail.com,sold,Wheat,2023-05-06,2023-06-20,45,2250,45,57,3847.5,no,30,0,2023-06-20,-3847.5
1493,Customer_1493,customer1493@mail.com,sold,Barley,2023-09-25,2023-12-12,107,5350,78,59,16413.8,yes,49,0,2023-12-12,-16413.8
1137,Customer_1137,customer1137@mail.com,stored,Millet,2023-07-11,2023-10-28,88,4400,109,32,10231.47,partial,42,0,2023-10-28,-10231.47
1424,Customer_1424,customer1424@mail.com,stored,Rice,2024-04-12,2024-09-01,147,7350,142,20,13916.0,partial,29,213150,2024-09-01,199234.0
1135,Customer_1135,customer1135@mail.com,sold,Millet,2024-06-22,2024-09-25,57,1425,95,36,6498.0,partial,28,0,2024-09-25,-6498.0
742,Customer_742,customer742@mail.com,storing,Millet,2023-11-23,2024-02-10,109,5450,79,56,16073.87,no,54,0,2024-02-10,-16073.87
1122,Customer_1122,customer1122@mail.com,storing,Rice,2023-07-17,2023-12-11,53,1325,147,49,12725.3,no,43,56975,2023-12-11,44249.7
130,Customer_130,customer130@mail.com,sold,Rice,2024-05-29,2024-07-31,152,3800,63,25,7980.0,yes,44,167200,2024-07-31,159220.0
1367,Customer_1367,customer1367@mail.com,stored,Millet,2024-04-09,2024-05-20,84,2100,41,38,4362.4,partial,48,100800,2024-05-20,96437.6
1107,Customer_1107,customer1107@mail.com,storing,Barley,2024-05-21,2024-07-06,50,1250,46,41,3143.33,partial,43,53750,2024-07-06,50606.67
1904,Customer_1904,customer1904@mail.com,stored,Barley,2024-02-20,2024-08-15,162,8100,177,28,26762.4,no,28,226800,2024-08-15,200037.6
1827,Customer_1827,customer1827@mail.com,stored,Millet,2023-03-16,2023-08-17,99,2475,154,40,20328.0,partial,28,69300,2023-08-17,48972.0
1925,Customer_1925,customer1925@mail.com,stored,Sorghum,2023-09-08,2023-10-17,60,3000,39,49,3822.0,no,40,0,2023-10-17,-3822.0
1974,Customer_1974,customer1974@mail.com,sold,Maize,2023-07-05,2023-12-15,130,6500,163,30,21190.0,yes,55,0,2023-12-15,-21190.0
1316,Customer_1316,customer1316@mail.com,stored,Rice,2023-02-11,2023-07-09,126,6300,148,20,12432.0,partial,27,170100,2023-07-09,157668.0
1543,Customer_1543,customer1543@mail.com,sold,Wheat,2023-09-06,2023-10-08,74,3700,32,58,4578.13,no,41,151700,2023-10-08,147121.87
934,Customer_934,customer934@mail.com,stored,Barley,2023-03-31,2023-07-16,51,1275,107,38,6912.2,partial,55,0,2023-07-16,-6912.2
506,Customer_506,customer506@mail.com,storing,Wheat,2023-04-27,2023-09-16,109,5450,142,38,19605.47,partial,49,267050,2023-09-16,247444.53
1070,Customer_1070,customer1070@mail.com,storing,Maize,2023-01-28,2023-07-06,102,5100,159,32,17299.2,yes,27,137700,2023-07-06,120400.8
754,Customer_754,customer754@mail.com,sold,Wheat,2024-04-29,2024-09-17,177,4425,141,49,40763.1,partial,38,0,2024-09-17,-40763.1
1443,Customer_1443,customer1443@mail.com,stored,Maize,2023-02-25,2023-07-13,76,3800,138,51,17829.6,partial,45,0,2023-07-13,-17829.6
817,Customer_817,customer817@mail.com,storing,Wheat,2023-06-13,2023-09-29,200,5000,108,29,20880.0,no,46,0,2023-09-29,-20880.0
1289,Customer_1289,customer1289@mail.com,sold,Millet,2023-05-25,2023-11-21,181,9050,180,38,41268.0,no,27,0,2023-11-21,-41268.0
1261,Customer_1261,customer1261@mail.com,stored,Rice,2023-10-01,2023-12-12,118,2950,72,20,5664.0,yes,51,150450,2023-12-12,144786.0
636,Customer_636,customer636@mail.com,sold,Sorghum,2024-07-26,2024-09-12,139,6950,48,30,6672.0,partial,33,0,2024-09-12,-6672.0
734,Customer_734,customer734@mail.com,stored,Maize,2023-08-27,2024-02-07,172,4300,164,30,28208.0,no,46,0,2024-02-07,-28208.0
1520,Customer_1520,customer1520@mail.com,storing,Maize,2024-02-01,2024-02-23,161,8050,22,33,3896.2,yes,44,0,2024-02-23,-3896.2
960,Customer_960,customer960@mail.com,storing,Sorghum,2024-06-27,2024-11-22,63,1575,148,46,14296.8,yes,48,0,2024-11-22,-14296.8
410,Customer_410,customer410@mail.com,stored,Rice,2024-07-25,2024-09-24,123,6150,61,34,8503.4,partial,41,252150,2024-09-24,243646.6
1805,Customer_1805,customer1805@mail.com,storing,Wheat,2024-07-04,2024-11-05,19,950,124,22,1727.73,no,53,50350,2024-11-05,48622.27
1315,Customer_1315,customer1315@mail.com,stored,Millet,2023-05-17,2023-10-19,187,4675,155,21,20289.5,partial,38,177650,2023-10-19,157360.5
1772,Customer_1772,customer1772@mail.com,storing,Rice,2024-05-04,2024-09-26,88,2200,145,28,11909.33,no,38,0,2024-09-26,-11909.33
1207,Customer_1207,customer1207@mail.com,stored,Sorghum,2024-04-23,2024-05-20,76,1900,27,41,2804.4,yes,53,0,2024-05-20,-2804.4
6,Customer_6,customer6@mail.com,stored,Barley,2024-06-27,2024-11-28,55,1375,154,49,13834.33,no,32,0,2024-11-28,-13834.33
1475,Customer_1475,customer1475@mail.com,stored,Wheat,2024-03-02,2024-04-19,177,8850,48,37,10478.4,partial,28,0,2024-04-19,-10478.4
444,Customer_444,customer444@mail.com,sold,Rice,2023-11-30,2024-05-14,193,4825,166,50,53396.67,no,38,183350,2024-05-14,129953.33
1928,Customer_1928,customer1928@mail.com,storing,Maize,2023-12-13,2024-06-04,109,5450,174,47,29713.4,partial,44,239800,2024-06-04,210086.6
1279,Customer_1279,customer1279@mail.com,sold,Rice,2024-05-14,2024-10-01,42,2100,140,47,9212.0,yes,45,0,2024-10-01,-9212.0
1048,Customer_1048,customer1048@mail.com,stored,Maize,2024-07-05,2024-09-09,99,2475,66,21,4573.8,partial,47,116325,2024-09-09,111751.2
692,Customer_692,customer692@mail.com,sold,Sorghum,2024-05-08,2024-10-01,155,7750,146,47,35453.67,partial,47,0,2024-10-01,-35453.67
912,Customer_912,customer912@mail.com,storing,Rice,2024-03-07,2024-06-18,17,425,103,56,3268.53,yes,41,0,2024-06-18,-3268.53
1690,Customer_1690,customer1690@mail.com,storing,Millet,2023-10-03,2023-10-14,40,1000,11,29,425.33,no,41,0,2023-10-14,-425.33
1923,Customer_1923,customer1923@mail.com,stored,Barley,2024-08-22,2024-09-18,14,350,27,55,693.0,partial,43,15050,2024-09-18,14357.0
1590,Customer_1590,customer1590@mail.com,storing,Sorghum,2024-07-08,2024-08-28,83,2075,51,33,4656.3,partial,25,51875,2024-08-28,47218.7
111,Customer_111,customer111@mail.com,storing,Barley,2024-07-09,2024-08-28,51,2550,50,40,3400.0,no,49,124950,2024-08-28,121550.0
490,Customer_490,customer490@mail.com,stored,Maize,2024-04-23,2024-05-12,38,950,19,27,649.8,no,53,50350,2024-05-12,49700.2
1844,Customer_1844,customer1844@mail.com,stored,Millet,2024-05-03,2024-08-08,122,6100,97,33,13017.4,partial,27,0,2024-08-08,-13017.4
395,Customer_395,customer395@mail.com,storing,Wheat,2023-01-14,2023-03-30,99,2475,75,33,8167.5,yes,51,0,2023-03-30,-8167.5
455,Customer_455,customer455@mail.com,stored,Millet,2024-03-21,2024-09-07,80,2000,170,38,17226.67,no,31,62000,2024-09-07,44773.33
828,Customer_828,customer828@mail.com,stored,Barley,2023-11-30,2024-02-05,183,9150,67,40,16348.0,yes,50,0,2024-02-05,-16348.0
783,Customer_783,customer783@mail.com,stored,Barley,2023-06-25,2023-08-02,83,4150,38,39,4100.2,no,44,182600,2023-08-02,178499.8
1323,Customer_1323,customer1323@mail.com,storing,Maize,2024-01-23,2024-03-03,56,1400,40,59,4405.33,yes,29,0,2024-03-03,-4405.33
731,Customer_731,customer731@mail.com,stored,Sorghum,2023-02-21,2023-08-20,38,1900,180,22,5016.0,yes,38,0,2023-08-20,-5016.0
516,Customer_516,customer516@mail.com,stored,Sorghum,2023-12-26,2024-04-21,79,3950,117,25,7702.5,yes,39,154050,2024-04-21,146347.5
850,Customer_850,customer850@mail.com,storing,Maize,2023-08-23,2024-02-17,182,9100,178,54,58312.8,partial,36,327600,2024-02-17,269287.2
94,Customer_94,customer94@mail.com,sold,Sorghum,2024-07-01,2024-11-17,200,5000,139,24,22240.0,yes,52,260000,2024-11-17,237760.0
1680,Customer_1680,customer1680@mail.com,sold,Wheat,2024-03-30,2024-08-03,183,9150,126,46,35355.6,no,29,0,2024-08-03,-35355.6
176,Customer_176,customer176@mail.com,storing,Millet,2023-10-23,2024-04-01,98,4900,161,27,14200.2,yes,43,210700,2024-04-01,196499.8
880,Customer_880,customer880@mail.com,sold,Rice,2024-03-02,2024-06-19,56,2800,109,50,10173.33,yes,50,0,2024-06-19,-10173.33
808,Customer_808,customer808@mail.com,storing,Wheat,2023-09-20,2024-01-02,15,750,104,46,2392.0,yes,36,27000,2024-01-02,24608.0
191,Customer_191,customer191@mail.com,storing,Millet,2024-04-25,2024-08-31,38,1900,128,37,5998.93,partial,46,87400,2024-08-31,81401.07
768,Customer_768,customer768@mail.com,storing,Millet,2024-07-14,2024-12-01,74,3700,140,41,14158.67,partial,47,0,2024-12-01,-14158.67
1591,Customer_1591,customer1591@mail.com,sold,Wheat,2024-04-12,2024-09-03,18,450,144,46,3974.4,yes,49,0,2024-09-03,-3974.4
482,Customer_482,customer482@mail.com,sold,Rice,2024-06-04,2024-12-01,96,4800,180,48,27648.0,yes,26,124800,2024-12-01,97152.0
